3268 5016
766 335 1122 394 -5,..‚.

337 483 435 562 Velare
457 503 599 562 translate
620 512 777 579 usurpatur
799 521 853 579 pro
875 524 982 563 ornare
1004 521 1033 576 2,
1057 519 1102 580 71,
1120 522 1155 581 3:
1186 523 1253 564 curn
1280 522 1312 564 se
1333 503 1501 580 insignibus

243 603 390 663 honorum
408 603 546 674 velasset;
565 619 590 675 2,
604 603 648 675 82,
663 621 695 677 4:
714 622 824 664 corona
843 607 953 665 velatus
972 623 1063 666 aurea
1080 603 1189 682 (Verg,
1208 605 1273 678 Ov.‚
1292 605 1354 664 Liv.
1371 622 1393 675 1,
1408 620 1452 679 32,
1463 601 1499 662 6:

242 707 340 782 capite
361 705 457 765 velato
478 703 546 782 filo).

338 807 438 866 Videor
464 824 531 884 pro:
562 809 638 866 mr'lri
659 809 756 867 vriieor
780 826 806 878 1,
830 825 877 882 14,
902 825 927 867 1:
959 808 1027 867 huic
1053 809 1094 868 rei
1121 808 1268 868 civitatem
1297 813 1498 893 propagatam

244 917 424 986 auctumque
445 907 615 968 Romanum
636 927 747 969 nomen
769 911 930 969 subtexturi
952 911 1091 971 videmur.
1136 910 1226 968 Hanc
1252 909 1431 967 locutionem
1458 924 1500 966 ne

244 1010 418 1070 Ciceronem
440 1009 558 1086 quidem
577 1010 747 1086 repudiasse
765 1011 852 1072 docet
870 1011 1010 1088 Allgayer
1031 1014 1060 1070 in
1079 1012 1197 1071 Krebsii
1215 1009 1370 1070 Antibarb.
1393 1008 1439 1066 ed.
1459 1007 1500 1064 V.

245 1131 274 1189 p.
299 1126 369 1186 1203
392 1109 477 1187 (salso
498 1111 603 1186 legitur
626 1113 701 1172 Vell.
725 1129 754 1184 2,
780 1130 826 1186 14,
852 1112 883 1189 1).

337 1213 434 1272 Vivere
460 1230 514 1289 pro
537 1216 567 1272 in
590 1232 639 1272 ore
660 1218 785 1273 omnium
811 1211 976 1291 (hommum)
997 1235 1054 1274 esse
1082 1231 1112 1282 2,
1137 1212 1189 1283 66,
1213 1228 1243 1288 5:
1274 1213 1342 1270 vivit
1363 1213 1501 1287 vivetque

247 1311 370 1392 (Cicero)
396 1333 449 1392 per
475 1309 594 1374 ornn'ern
621 1316 786 1375 seculorum
808 1318 983 1376 memoriam
1007 1316 1075 1390 (Cic.
1101 1316 1182 1375 Lael.
1206 1328 1252 1390 27,
1278 1330 1343 1384 102;
1370 1313 1437 1372 Sen.
1460 1312 1501 1371 de

245 1415 343 1476 benef.
365 1433 391 1492 3,
415 1431 440 1491 5,
464 1432 493 1486 2;
516 1416 589 1476 Plin.
614 1435 659 1493 ep.
682 1433 707 1486 2,
733 1434 754 1487 1,
779 1415 827 1495 11).
850 1449 890 1462 -

331 1517 400 1577 Non
419 1518 499 1576 nulla
526 1517 606 1594 apud
628 1518 775 1596 Vellejum
801 1521 986 1579 inveniuntur
1009 1520 1121 1579 formae
1142 1520 1299 1578 verborum
1321 1518 1417 1576 minus
1440 1518 1501 1590 usi·
1627 1511 1628 1542 ¹

242 1629 331 1692 tatae,
355 1638 480 1696 quarum
503 1621 557 1679 has
578 1621 765 1681 annotandas
787 1623 899 1698 putavi:

327 1721 502 1782 assenserim
522 1740 544 1794 1,
563 1737 588 1798 7,
607 1739 637 1794 2;
656 1725 690 1784 ct.
711 1723 796 1784 Neue
814 1725 853 1783 11.
872 1745 900 1801 p.
919 1739 984 1800 270.
998 1732 1184 1784 -extentus
1204 1740 1225 1793 1,
1246 1740 1283 1792 11,
1305 1722 1336 1791 6;
1355 1738 1380 1792 2,
1401 1735 1450 1796 70,
1467 1736 1501 1790 2;

243 1823 280 1882 cf.
303 1821 387 1883 Neue
408 1823 448 1882 11.
476 1842 504 1900 p.
527 1838 591 1899 570.
625 1857 665 1868 —-
696 1827 845 1885 immixtus
870 1843 895 1897 1,
919 1843 948 1896 2,
974 1844 985 1884 1
1013 1822 1134 1902 (veteres
1165 1825 1292 1885 editores
1318 1807 1500 1901 scripserunt

246 1923 415 2002 immistus);
438 1925 474 1984 cf.
491 1925 577 1985 Neue
598 1926 637 1985 11.
660 1946 689 2004 p.
713 1927 780 2003 556.
804 1960 843 1970 -
867 1929 978 2005 nequiit
999 1944 1024 1998 2,
1048 1927 1094 1997 68,
1118 1943 1148 1997 2;
1171 1926 1207 1985 cf.
1224 1925 1308 1984 Neue
1331 1925 1369 1982 11.
1389 1944 1417 2003 p.
1435 1939 1497 2000 522.

243 2059 283 2070 -
307 2028 489 2104 nequiverint
513 2045 535 2097 1,
556 2027 598 2098 16,
617 2044 647 2104 5;
670 2031 709 2088 ci.
726 2029 811 2090 Neue
829 2030 868 2089 11.
891 2049 920 2106 p.
938 2029 1002 2104 520.
1026 2061 1066 2072 -
1090 2035 1177 2088 norat
1195 2045 1220 2097 2,
1236 2027 1285 2103 46,
1304 2043 1333 2097 2;
1356 2027 1393 2088 cf.
1410 2025 1497 2084 Neue

242 2129 282 2187 11.
304 2147 333 2204 p.
362 2143 424 2203 532.
452 2160 491 2170 -
521 2137 620 2188 nosset
642 2147 666 2199 2,
694 2146 740 2204 45,
769 2147 793 2200 1;
817 2130 854 2190 cf.
880 2130 964 2189 Neue
981 2131 1020 2190 11.
1042 2150 1071 2207 p.
1089 2146 1151 2205 532.
1180 2162 1220 2172 -
1248 2130 1393 2206 pariturus
1419 2128 1499 2186 foret

240 2230 268 2306 (a
286 2209 394 2305 pareo)'
404 2246 430 2300 2,
449 2245 499 2305 90,
518 2247 549 2304 3;
572 2231 609 2289 cf.
630 2229 715 2290 Neue
733 2232 771 2292 11.
795 2251 823 2307 p.
842 2231 908 2307 586.
924 2263 963 2273 -
979 2249 1111 2290 reversus
1131 2248 1156 2301 2,
1175 2248 1220 2307 42,
1239 2247 1270 2306 5;
1293 2231 1331 2290 cf.
1353 2229 1437 2288 Neue
1454 2229 1498 2286 11.

241 2351 270 2408 p.
293 2331 365 2406 346;
388 2338 488 2391 tamen
511 2333 629 2392 revertit
647 2333 723 2392 Vell.
746 2351 771 2405 2,
794 2349 843 2409 40,
868 2350 896 2403 2;
920 2351 944 2404 2,
968 2349 1015 2409 50,
1040 2351 1061 2391 1.
1099 2332 1201 2405 Quare
1223 2333 1354 2392 Haasius
1373 2339 1402 2390 et
1419 2331 1497 2389 Hal·

241 2434 316 2492 mius
338 2434 441 2509 legunt
463 2439 624 2504 ,revectus‘.
639 2466 678 2478 -
696 2435 794 2495 serviit
817 2453 839 2505 1,
865 2451 904 2509 13,
928 2451 957 2510 3;
981 2435 1018 2493 cf.
1041 2434 1126 2494 Neue
1147 2435 1186 2493 11.
1210 2454 1238 2511 p.
1260 2451 1321 2510 522.
1341 2467 1384 2490 .-
1409 2433 1499 2509 sopiit

241 2551 266 2605 2,
291 2551 348 2610 125,
373 2551 403 2610 3;
428 2536 464 2594 cf.
487 2535 631 2612 Neuell.
654 2557 683 2613 p.
706 2537 770 2596 622.
814 2537 879 2595 Alia
902 2537 1016 2595 similia.
1473 2603 1499 2622 ,Ἴ

327 2637 434 2695 Rarius
455 2638 496 2705 fit,
519 2638 623 2697 saltem
646 2639 726 2714 apud
746 2638 882 2697 meliores
904 2639 1019 2697 solutae
1040 2636 1180 2698 orationis
1201 2636 1366 2712 scriptores,
1389 2655 1495 2713 quarn·

242 2757 332 2815 quarn
350 2739 389 2797 ab
411 2738 469 2797 hoc
483 2731 547 2797 'usu
569 2758 607 2798 ne
629 2740 733 2798 Cicero
755 2739 874 2815 quidem
896 2739 983 2815 piane
1001 2740 1114 2798 alienus
1132 2747 1184 2808 est,
1207 2745 1241 2796 ut
1258 2746 1392 2813 tempora
1409 2741 1498 2814 prae·

241 2839 326 2898 terita
353 2855 405 2914 per
423 2839 496 2916 sui,
516 2841 643 2918 sueram
671 2857 738 2899 cum
764 2840 917 2915 participio
944 2839 1031 2900 futuri
1059 2840 1145 2924 activi
1172 2847 1224 2898 aut
1244 2839 1365 2916 perfecti
1387 2841 1497 2918 passivi

244 2941 402 3016 conjuncta
423 2939 582 3015 tingantur.
625 2940 672 3000 Cf.
695 2941 841 3016 Draeger,
869 2941 934 3000 hist.
956 2942 1038 3018 Synt.
1061 2944 1099 3000 II.
1122 2939 1142 3018 ξ
1166 2957 1226 3017 154.
1249 2961 1278 3018 p.
1301 2959 1361 3018 252.
1405 2943 1496 3019 Apud

240 3041 388 3118 Vellejum
418 3041 492 3100 tales
520 3042 630 3101 formas
656 3043 765 3113 inveni,
793 3043 871 3102 velut
893 3043 1026 3103 fabricati
1053 3044 1170 3103 fuerunt
1196 3059 1225 3113 2,
1249 3057 1296 3119 27,
1319 3060 1351 3119 4:
1379 3046 1495 3120 passuri

240 3143 395 3203 fuissemus
409 3159 434 3214 2,
453 3158 512 3219 125,
533 3159 559 3213 1;
578 3151 793 3220 temperaturus
810 3145 893 3205 fuerit
907 3162 931 3217 2,
947 3145 990 3221 85,
1006 3145 1034 3205 6.
1046 3176 1085 3188 -
1099 3146 1227 3205 Formae
1235 3146 1357 3222 perfecti
1370 3164 1448 3222 pass.
1463 3155 1495 3206 et

241 3245 329 3303 futur.
348 3252 406 3304 act
420 3252 450 3304 et
466 3247 582 3322 passim,
601 3247 705 3322 quibus
720 3246 813 3305 forem
823 3271 864 3295 ==
875 3265 969 3306 essem
983 3248 1094 3316 dicitur,
1111 3256 1229 3307 exstant
1242 3249 1311 3306 hae:
1330 3248 1495 3307 admissum

241 3344 318 3403 foret
339 3361 371 3415 2,
395 3345 425 3417 8,
451 3361 476 3416 1;
500 3337 691 3407 arcessendus
715 3348 789 3407 soret
811 3366 840 3420 2,
866 3366 927 3424 123,
951 3366 981 3420 23
1009 3349 1218 3409 commissurus
1241 3348 1315 3408 foret
1337 3366 1365 3420 2,
1382 3364 1433 3426 37,
1457 3367 1494 3424 4;

241 3446 481 3522 consequendum
505 3447 580 3507 foret
602 3464 630 3519 2,
656 3449 717 3519 128,
742 3465 773 3524 33
796 3450 937 3510 deserturi
959 3451 1054 3511 forent
1076 3467 1106 3521 2,
1130 3465 1176 3526 55,
1198 3466 1229 3525 5;
1252 3450 1374 3536 dispersi
1396 3452 1495 3512 forent

135 3532 140 3543 '
240 3563 269 3617 2,
293 3563 337 3613 21,
364 3564 389 3617 1;
417 3549 547 3607 eundum
574 3549 650 3610 foret
676 3566 706 3620 2,
734 3567 763 3626 5,
792 3568 825 3627 3;
853 3554 944 3611 eversi
971 3553 1066 3611 forent
1093 3568 1122 3622 2,
1148 3567 1206 3627 115,
1230 3568 1261 3624 4;
1289 3553 1495 3612 excedendum

241 3649 315 3707 soret
337 3666 362 3719 2,
382 3648 428 3722 68,
448 3665 478 3725 5;
501 3651 620 3727 parituri
644 3651 740 3711 forent
762 3669 787 3721 2,
807 3669 856 3729 90,
876 3670 902 3729 3.
939 3653 983 3713 Cf.
1003 3654 1127 3730 Zumptii
1146 3653 1281 3713 Gramm.
1304 3653 1368 3712 Lat.
1392 3651 1496 3730 815⁶-

239 3769 268 3827 p.
294 3767 344 3826 124
365 3750 420 3830 (ed.
443 3751 545 3828 xus).

702 4077 767 4148 De
803 4075 1029 4150 Adverbiis.

326 4242 381 4302 His
405 4244 549 4304 adverbiis
572 4245 701 4325 Velleius
724 4249 835 4322 primus
856 4247 968 4306 videtur
990 4225 1061 4306 usus
1082 4266 1159 4308 esse:

325 4345 463 4424 Difficile
480 4365 534 4422 pro
552 4365 596 4418 eo,
615 4351 695 4424 quod
708 4357 752 4409 est
766 4350 845 4426 apud
855 4348 1027 4409 Ciceronem
1046 4349 1207 4422 difficiliter,
1227 4350 1307 4430 apud
1316 4352 1495 4421 Varronem,

240 4444 410 4518 Caesarem,
432 4448 609 4521 Sallustium,
634 4451 756 4523 Livium,
778 4451 818 4511 al.
837 4449 990 4509 difficulter
1009 4450 1111 4510 dicitur
1129 4467 1154 4522 2,
1173 4451 1220 4527 65,
1241 4469 1271 4527 3:
1293 4452 1420 4511 Plancus
1438 4454 1496 4511 sibi
