3268 5016
740 243 959 337 '-4x-.

227 567 270 622 ro,
293 567 324 610 2:
347 551 440 610 Fabio
462 567 629 626 cognomen
652 549 841 626 Allobrogico
864 549 1000 620 inditum;
1027 567 1058 621 2,
1086 566 1129 627 91,
1155 567 1181 610 1:
1208 554 1286 628 quod
1309 571 1476 630 cognomen

224 653 265 712 illi
286 654 347 712 viro
364 670 524 712 consensus
547 659 667 710 senatus
688 652 848 729 populique
869 652 998 712 Romani
1020 652 1124 711 indidit
1149 652 1266 728 (Plaut,
1289 654 1372 726 Sall,
1395 655 1475 735 Lim).

310 754 443 814 Inescare
469 772 523 831 per
550 753 773 812 translationem
800 752 904 813 dicitur
930 771 983 829 pro
1008 756 1135 823 allicere,
1163 757 1286 830 decipere
1314 771 1341 827 2,
1367 774 1407 834 13,
1438 775 1471 818 2:

222 855 401 915 inescandae
422 855 644 933 illiciendaeque
666 854 857 915 multitudinis
879 873 970 917 causa
992 854 1078 929 (ser,
1101 856 1174 927 Liv,
1196 855 1262 934 alii).

308 956 458 1037 Inferiore
479 976 533 1034 pro
556 959 625 1033 alqd
646 958 784 1036 desertum
807 959 934 1027 reddere,
957 958 1060 1016 habere
1083 974 1110 1028 2,
1135 972 1178 1034 73,
1201 975 1232 1034 3:
1251 960 1409 1020 latrociniis
1430 963 1475 1022 in·

222 1057 330 1118 testato
351 1061 427 1118 mari
443 1043 539 1134 (Auci.
557 1060 587 1117 b.
605 1059 689 1118 Alex.
708 1074 734 1135 3,
755 1073 787 1129 23
810 1058 872 1117 Liv.
891 1077 938 1135 ep.
961 1073 991 1133 7;
1014 1058 1099 1130 Cels,
1119 1058 1243 1130 Colum,
1262 1061 1364 1139 Pomp.
1377 1062 1476 1141 Mela).

307 1161 433 1240 Injr'cere
455 1162 557 1232 rixam,
580 1160 607 1220 i.
626 1179 652 1220 e.
675 1161 756 1221 rixae
778 1160 966 1226 occasionem
988 1160 1059 1219 dare
1085 1177 1109 1232 1,
1138 1178 1162 1228 2,
1187 1179 1213 1220 1:
1244 1160 1359 1224 Codrus
1381 1166 1474 1226 rixam
1510 1168 1512 1172 '

220 1262 352 1341 injiciens
366 1263 534 1322 interfectus
553 1272 597 1322 est
615 1260 685 1338 (Cic.
704 1261 770 1323 Cat.
789 1279 816 1338 3,
835 1280 862 1338 3,
880 1276 910 1338 7:
928 1263 1044 1341 injicere
1062 1262 1232 1332 tumultum,
1250 1264 1311 1323 Liv.
1331 1281 1356 1339 3,
1374 1265 1421 1340 64,
1441 1265 1474 1326 6:

220 1366 339 1443 injicere
361 1366 594 1435 contentionem
617 1380 664 1440 34,
688 1381 716 1438 4,
741 1379 784 1440 15:
802 1365 925 1442 ‘injicere
942 1364 1109 1440 certamen).

305 1467 437 1526 Inserere
466 1468 609 1526 translate
635 1455 739 1525 dicitur
764 1483 831 1546 pro:
862 1468 1029 1536 admiscere,
1062 1468 1206 1524 adnectere
1231 1485 1260 1538 2,
1294 1469 1347 1538 60,
1372 1486 1403 1544 4:
1431 1472 1475 1530 in-

221 1569 307 1628 sertis
330 1569 423 1639 salsis;
450 1569 557 1628 deinde
583 1587 674 1645 quum
697 1569 857 1627 narrationi
880 1568 983 1644 ¹aliqua
1010 1563 1226 1644 adjunguntur,
1252 1580 1286 1628 ut
1314 1587 1339 1641 1,
1370 1561 1416 1645 14,
1438 1590 1473 1631 1:

222 1670 290 1729 huic
311 1671 379 1731 loco
400 1671 540 1742 inserere;
564 1687 589 1742 2,
611 1685 672 1747 107,
694 1687 722 1742 13
744 1670 802 1730 hoc
823 1671 950 1728 inseram
971 1668 1050 1746 suiv,
1069 1670 1152 1741 Tac,
1170 1671 1207 1730 cs.
1225 1672 1367 1732 Boettich.
1390 1675 1471 1733 lexic.

223 1771 298 1831 Tac.
321 1791 350 1849 p.
373 1769 443 1849 278).

293 1875 443 1934 'Institere
460 1885 627 1953 temporum
645 1875 729 1946 notis,
748 1893 848 1934 rarum
866 1874 982 1934 dicendi
999 1892 1093 1950 genus
1110 1892 1180 1951 pro:
1198 1877 1334 1952 persequi
1351 1877 1471 1952 vestigia

219 1985 399 2055 temporum,
423 1979 440 2036 i.
464 1997 492 2038 e.
515 1979 666 2037 historiam
689 1993 858 2054 percurrere
882 1994 907 2048 1,
933 1991 977 2053 17,
1000 1993 1032 2050 4:
1055 1977 1184 2054 quisquis
1206 1987 1371 2054 temporum
1393 1980 1472 2038 insti·

219 2080 286 2138 terit
308 2081 394 2139 notis.
1427 2153 1429 2156 ι

307 2167 505 2257 Interrogare
519 2182 694 2242 sententiam
716 2195 741 2249 2,
764 2195 809 2255 35.
827 2195 859 2255 33
882 2181 958 2239 inter
980 2181 1098 2240 ultimos
1120 2180 1317 2256 interrogatus
1339 2191 1385 2242 est
1406 2201 1472 2242 sen·

222 2284 358 2354 tentiam,
381 2302 471 2361 quarn
492 2284 670 2343 locutionem
693 2299 711 2342 a
733 2282 815 2340 Livio
841 2283 936 2358 primo
963 2291 1135 2358 usurpatam
1157 2281 1227 2358 (Liv.
1251 2282 1298 2358 36,
1321 2298 1346 2358 7,
1370 2300 1397 2355 1;
1420 2284 1474 2342 sed

220 2399 267 2459 eq,
288 2401 329 2460 19,
350 2400 385 2444 10
403 2385 509 2461 legitur
527 2385 662 2443 verbum:
684 2384 845 2460 perrogari)
868 2385 934 2442 Val.
953 2384 1108 2454 Maximus,
1132 2383 1245 2443 Seneca
1262 2384 1339 2461 phil,
1361 2385 1473 2444 Plinius

222 2485 317 2544 minor
338 2495 369 2546 et
384 2485 540 2546 Suetonius
562 2485 689 2562 amplexi
712 2493 788 2545 sunt.
824 2484 936 2555 Cicero,
959 2484 1090 2556 Tacitus,
1114 2484 1321 2557 Quintilianus,
1346 2485 1471 2546 Gellius:

221 2606 328 2663 rogare
355 2589 539 2649 sententiam.
583 2587 628 2648 Cf.
655 2588 923 2666 Krebs·Allgayer,
950 2588 1105 2648 Antibarb.
1133 2588 1179 2646 ed.
1207 2588 1244 2646 V.
1271 2607 1300 2666 p.
1326 2587 1395 2658 616,
1422 2589 1472 2647 ubi

222 2690 351 2768 Vellejus
378 2692 527 2750 omittitur.

310 2791 436 2850 Luctarr'
451 2812 503 2868 per
521 2792 742 2852 translationem
761 2793 906 2868 significat
922 2801 1026 2851 contra
1043 2810 1088 2862 ea,
1112 2809 1188 2868 quae
1207 2793 1333 2863 obstant,
1355 2793 1473 2851 intentis

221 2893 328 2952 viribus
349 2893 489 2953 laborare
507 2910 536 2963 2,
562 2909 620 2969 115,
643 2910 672 2952 2:
701 2911 768 2954 cum
791 2893 963 2953 difficultate
989 2895 1123 2954 locorum
1145 2901 1175 2952 et
1201 2911 1268 2952 curn
1290 2894 1318 2952 vi
1344 2894 1471 2953 hostiurn

220 2995 356 3055 luctatus.
400 2995 445 3055 Ci.
469 3013 493 3067 2,
517 2995 564 3067 86,
587 3011 617 3066 23
639 3011 664 3066 2,
689 2994 734 3071 63,
757 3012 775 3070 3
797 2995 890 3072 (Hor,
913 2996 983 3066 Liv,
1006 2994 1071 3072 alii).

306 3097 460 3157 Macerare
481 3099 623 3158 translate
644 3099 762 3174 ponitur
784 3116 838 3183 pro
859 3100 936 3156 vires
957 3100 1089 3169 adrinere,
1112 3117 1256 3166 enervare,
1276 3097 1427 3171 infirmare
1445 3112 1470 3164 2,

202 3217 277 3271 1112,
292 3217 322 3276 3:
342 3218 409 3277 pars
428 3201 570 3260 exercitus
583 3198 622 3259 ad
640 3199 792 3259 arbitrium
810 3199 1024 3277 utilitatemque
1043 3208 1172 3260 nostram
1191 3206 1342 3258 macerata
1357 3194 1470 3274 (Plaut,

219 3301 291 3372 Liv,
314 3303 380 3376 alii).

239 3447 241 3452 ,
305 3403 450 3475 Mareere,
473 3421 529 3462 vox
551 3405 675 3482 poetica,
694 3406 733 3464 ab
751 3413 912 3480 argenteae
930 3407 1034 3464 aetatis
1053 3403 1241 3480 scriptoribus
1259 3403 1470 3481 frequentatur.

220 3505 296 3564 Vell.
320 3521 349 3574 2,
372 3505 424 3587 84,
448 3520 477 3563 2:
501 3507 621 3582 vigebat
641 3509 671 3566 in
692 3507 750 3566 hac
772 3517 857 3584 parte
877 3507 962 3566 miles
984 3516 1073 3584 atque
1094 3507 1265 3582 imperator,
1288 3505 1338 3564 illa
1359 3523 1473 3564 marce·

219 3607 293 3666 bant
314 3609 415 3666 omnia
435 3605 540 3680 (Lucr,
564 3607 629 3678 Ov.,
652 3609 724 3680 Liv,
746 3607 839 3686 Tac).

302 3708 430 3768 Menb're'
457 3718 612 3785 poetarum
639 3729 722 3770 more
749 3729 821 3768 cum
853 3711 1020 3770 accusativo
1048 3711 1182 3788 junctum
1210 3727 1263 3785 pro
1295 3726 1331 3768 eo
1359 3707 1473 3776 dicitur,

220 3810 300 3888 quod
322 3820 366 3871 est
379 3814 468 3890 falso
490 3815 523 3871 de
544 3833 573 3872 se
588 3815 761 3889 praedicare
778 3829 804 3883 2,
823 3829 850 3886 4,
871 3828 898 3870 1:
921 3813 1061 3871 mentitus
1083 3812 1184 3886 regiae
1202 3811 1298 3887 stirpis
1320 3811 1473 3886 originem.

220 3913 266 3973 Cf.
287 3914 356 3973 Sall.
380 3913 445 3974 Cat.
467 3914 514 3990 48,
538 3915 570 3985 6;
592 3915 654 3972 Liv.
678 3931 720 3984 10,
744 3930 794 3988 40,
817 3931 849 3988 4;
872 3914 945 3991 Just.
969 3930 991 3984 1,
1014 3930 1039 3982 2,
1063 3930 1091 3987 4.

304 4015 441 4093 Mergere
462 4035 552 4076 naves
571 4035 624 4093 pro
641 4019 748 4076 usitata
767 4015 926 4074 locutione:
944 4017 1106 4090 demergere
1124 4031 1213 4074 naves
1230 4010 1324 4089 (Auct.
1341 4014 1370 4072 b.
1389 4013 1472 4078 Alex.

220 4134 320 4195 25,.5;
351 4117 403 4193 64,
426 4135 456 4195 5;
483 4118 546 4177 Liv.
570 4117 623 4195 36,
645 4134 695 4194 45,
719 4114 746 4196 3)
768 4133 798 4188 2,
821 4132 870 4190 42,
895 4132 925 4175 2:
950 4124 1063 4192 partem
1086 4116 1186 4174 classis
1208 4114 1333 4192 fugavit,
1357 4122 1471 4191 partem

220 4223 328 4282 mersit.
372 4220 418 4280 Cf.
441 4221 502 4280 Liv.
525 4236 573 4297 25,
595 4238 628 4296 3,
654 4237 695 4292 11;
718 4219 793 4280 Plin.
815 4219 843 4278 h.
866 4239 900 4278 n.
922 4235 970 4295 32,
993 4236 1008 4278 2
1030 4217 1076 4296 (6),
1102 4233 1144 4294 15;
1167 4219 1248 4276 Eutr.
1270 4233 1295 4288 2,
1317 4233 1356 4277 20
1378 4215 1472 4294 (Adde

220 4323 303 4382 lexic.
326 4319 444 4400 Latin).

307 4424 455 4484 Mileseere
487 4444 539 4502 per
571 4425 791 4485 translationem
822 4431 980 4501 usurpatur
1006 4441 1060 4500 pro
1087 4442 1279 4481 mansuescere
1305 4437 1334 4492 2,
1360 4419 1419 4490 118,
1445 4436 1471 4477 1:

1384 4727 1392 4756 1
