3268 5016
649 333 856 393 „39-

211 504 330 566 Morari
347 522 402 582 per
419 505 642 564 translationem
659 499 691 563 in
709 503 904 563 locutionibus
922 521 982 561 non
1001 503 1086 561 nullis
1104 513 1259 579 usurpatur
1277 511 1379 563 contra

128 606 371 669 consuetudinem
399 605 576 681 optimorum
598 604 770 682 scriptorum
793 620 860 680 pro:
891 607 921 663 in
943 607 1097 664 narrando
1119 606 1186 680 olqa
1208 625 1240 662 re
1266 609 1383 667 versari

129 726 151 775 1.
172 723 199 784 7,
217 724 247 768 2:
269 707 340 766 dum
362 709 396 779 in,
411 707 536 765 externis
553 724 652 766 moror
670 704 697 784 (i.
716 725 742 765 e.
760 706 831 766 dum
853 706 883 765 in
905 706 1058 766 narrandis
1080 707 1176 777 rebus,
1199 725 1275 784 quae
1289 699 1380 766 'extra

127 810 244 870 ltaliam
266 809 364 882 factae
386 817 466 878 sunt,
489 806 599 885 remor)
621 815 649 867 et
670 824 696 880 2,
719 824 764 882 41,
788 825 815 867 1:
838 808 888 885 qui
908 805 1087 883 (consulatus
1110 806 1254 884 Caesaris)
1275 827 1379 886 quam·

126 912 197 970 libet
218 910 406 971 festinantem
427 911 458 968 in
480 928 512 969 se
533 911 641 969 morari
664 911 754 986 cogit.
796 909 912 969 Deinde
934 914 1046 968 morari
1072 909 1175 969 dicitur
1197 910 1235 970 de
1257 929 1306 982 eo,
1329 912 1379 988 qni

126 1031 178 1090 per
199 1012 322 1088 longum
340 1023 456 1088 tempus
477 1029 584 1070 munus
606 1011 757 1088 quoddam
779 1012 912 1071 obtinere
934 1011 1012 1088 cupit
1033 1028 1062 1083 2,
1087 1029 1129 1082 11,
1152 1028 1182 1071 2:
1209 1013 1378 1072 criminatus

126 1114 239 1174 Metelli
260 1113 395 1172 morandi
417 1114 447 1172 in
468 1114 596 1190 imperiis
617 1113 819 1190 cupiditatem.
1288 1167 1290 1171 .

93 1217 117 1290 '¹
213 1215 365 1291 Perpolr're
391 1215 508 1292 propria
526 1217 746 1292 significatione
772 1224 868 1276 exstat
895 1233 923 1287 2,
947 1232 993 1286 22,
1016 1232 1049 1290 4:
1082 1215 1224 1276 conclusit
1250 1234 1282 1276 se
1312 1216 1379 1275 loco

127 1336 222 1394 nuper
243 1318 325 1378 calce
342 1334 492 1394 arenaque
509 1317 661 1394 perpolite.
671 1317 826 1380 -Cicero
843 1318 900 1378 hoc
912 1319 1002 1377 verbo
1018 1335 1078 1377 non
1097 1317 1193 1388 utitur,
1212 1318 1266 1378 nisi
1284 1326 1379 1377 nans·
1418 1347 1420 1355 v

126 1420 189 1478 lata
211 1419 436 1494 significatione:
458 1417 660 1489 Ruhnkenius,
679 1425 712 1478 ut
732 1419 855 1496 simplex
873 1420 994 1478 verbum
1016 1421 1107 1496 polire
1126 1418 1311 1480 scribendum
1333 1420 1379 1489 sit,

129 1522 289 1598 proposuit.

212 1622 415 1682 Praescrr‘bere
431 1640 486 1700 pro
508 1641 553 1695 eo,
576 1625 656 1701 quod
677 1632 721 1684 est
746 1626 964 1700 supradicere,
991 1643 1147 1683 memorare
1168 1641 1196 1691 2,
1220 1640 1268 1698 41,
1294 1641 1321 1683 1:
1347 1631 1380 1682 ut

126 1724 374 1801 praescripsimus.
410 1724 587 1784 Ruhnkenio
609 1726 736 1802 primum
758 1726 935 1788 observante
956 1735 1007 1785 aut
1029 1744 1065 1785 ex
1088 1725 1241 1804 Vellejana
1263 1723 1379 1784 dicendi

125 1826 339 1886 consuetudine
361 1835 404 1898 ,ut
425 1827 631 1904 praediximus‘
654 1828 839 1887 scribendum
861 1845 926 1888 esse
948 1837 999 1885 aut
1021 1828 1110 1888 verba
1132 1827 1253 1886 omnino
1275 1826 1378 1884 tollen·

127 1925 166 1984 da
188 1926 259 1984 mihi
281 1929 421 2003 persuasi.
465 1929 615 1989 Invenitur
636 1930 716 2006 apud
738 1929 904 2007 Vellejum:
926 1938 958 1988 ut
978 1927 1176 2016 praediximus
1199 1944 1225 1999 1,
1249 1945 1281 2002 4,
1305 1943 1332 1997 1;
1357 1943 1378 1998 1,

130 2041 174 2096 12,
200 2043 226 2096 1:
252 2044 278 2098 1,
302 2043 347 2104 15,
369 2044 402 2102 4:
425 2045 455 2098 2,
480 2046 523 2100 12,
546 2045 573 2100 2;
598 2049 671 2106 quas
694 2030 891 2108 praediximus
913 2046 943 2101 2,
967 2048 993 2102 1,
1016 2046 1047 2101 2;
1070 2048 1159 2108 quem
1181 2029 1379 2106 praediximus

24 2153 28 2162 .
128 2142 158 2197 2,
184 2144 225 2198 11,
250 2143 274 2199 11
297 2129 334 2188 de
355 2148 415 2208 quo
437 2132 632 2207 praediximus
653 2148 683 2204 2,
709 2148 754 2209 15,
777 2149 809 2208 33
837 2131 875 2192 de
896 2133 979 2211 cujus
1002 2133 1156 2193 consulatu
1178 2130 1378 2209 praediximus
1487 2169 1488 2173 =

128 2244 154 2298 2,
179 2245 243 2302 104,
266 2246 295 2301 2;
318 2250 392 2309 quos
414 2232 613 2309 praediximus
634 2250 659 2304 2,
685 2234 747 2305 108,
770 2251 796 2294 2.

212 2331 360 2411 Prosem
381 2334 399 2392 i.
423 2353 445 2394 s.
468 2353 496 2411 q.
518 2354 699 2407 commovere,
727 2339 868 2412 impellere
890 2336 1003 2409 2,128,
1026 2353 1058 2411 4:
1091 2336 1131 2396 ad
1154 2334 1284 2414 juvanda
1309 2351 1378 2394 vero

126 2451 218 2510 opera
239 2434 375 2512 principis
396 2434 536 2514 SeJ'anum
557 2438 685 2514 protulit.
721 2437 766 2498 Cf.
788 2438 900 2498 Lucan.
923 2453 949 2510 2,
972 2454 1044 2514 493:
1066 2447 1099 2498 ut
1120 2437 1271 2514 conspicit,
1290 2452 1378 2494 amne

127 2535 232 2606 soluto,
246 2536 350 2614 rumpi
373 2536 484 2598 Caesar
505 2540 559 2598 iter
581 2539 677 2600 calida
699 2541 830 2618 prolatus
852 2542 890 2601 ab
912 2542 964 2599 ira.

211 2637 367 2697 Publr'care
388 2641 467 2717 apud
489 2650 601 2701 veteres
623 2643 778 2719 scriptores
800 2643 914 2702 solutae
936 2643 1075 2702 orationis
1097 2641 1224 2701 eandem
1246 2641 1304 2698 vim
1326 2640 1378 2697 ha·

128 2739 186 2809 bet,
209 2758 299 2817 quam
320 2741 351 2799 in
373 2743 552 2819 reipublicae
574 2744 714 2804 ditionem
736 2752 972 2823 potestatemque
994 2744 1136 2820 redigere,
1164 2743 1303 2821 praeconi
1324 2759 1397 2818 pu·-

127 2839 204 2899 blico
233 2843 388 2920 subjicere,
421 2846 501 2922 apud
529 2846 675 2925 Vellejum
701 2847 846 2923 significat
872 2848 952 2925 quod
977 2848 1122 2924 privatum
1148 2854 1204 2916 est,
1235 2845 1266 2902 in
1292 2861 1379 2902 usum

128 2941 278 3019 publicum
301 2954 471 3005 convertere
493 2964 644 3024 2,114,2:
666 2952 772 3011 lectica
789 2953 850 3030 ejus
868 2952 1018 3028 publicata
1039 2958 1085 3010 est
1108 2945 1140 3026 [i.
1160 2967 1186 3007 e.
1204 2947 1313 3025 publici
1332 2947 1378 3024 ju-

130 3044 169 3102 ris
195 3040 288 3124 facta]
311 3045 413 3120 (Plaut.
441 3049 548 3110 Bacch.
571 3068 603 3126 4,
631 3052 662 3123 8,
690 3069 723 3112 22
745 3050 832 3130 (8642
859 3071 965 3132 corpus
988 3070 1074 3112 suum
1100 3052 1189 3126 volgo
1215 3049 1377 3127 publicare:

131 3144 204 3203 Tac.
227 3145 329 3206 Germ.
353 3165 400 3225 191
427 3153 507 3228 publ.
533 3155 717 3231 pudicitiam:
743 3155 817 3214 Plin.
843 3156 872 3214 h.
898 3175 927 3214 n.
955 3169 984 3231 7,
1007 3171 1047 3230 30
1069 3149 1135 3232 (31),
1166 3167 1212 3228 115
1239 3161 1269 3212 et
1298 3150 1377 3209 Suet.

131 3243 216 3306 Caes.
238 3265 291 3324 44:
314 3251 523 3336 bibliothecam
544 3255 711 3332 publicare).

213 3349 368 3429 Protegere
389 3354 494 3414 eadem
510 3357 722 3431 significatione
749 3358 853 3416 dicitur
878 3375 931 3434 per
952 3356 1183 3426 translationem,
1206 3373 1266 3432 qua
1287 3355 1378 3412 celare
1445 3369 1468 3414 “,

127 3464 153 3521 ²>
174 3467 240 3521 100.
257 3469 286 3530 5:
309 3453 464 3527 Quinctius
482 3457 633 3535 Crispinus
655 3460 834 3534 singularem
857 3460 1017 3536 nequitiam
1039 3457 1193 3536 supercilio
1214 3456 1289 3517 truci
1310 3473 1378 3532 pro·

126 3563 240 3629 tegens.
284 3556 330 3616 Cf.
353 3557 455 3630 Quint.
478 3559 552 3618 decl.
575 3559 602 3630 8,
626 3577 654 3619 1:
676 3561 830 3637 parricidii.
842 3562 1057 3621 immanitatem
1074 3569 1155 3620 metu
1176 3560 1289 3638 majore
1310 3575 1378 3634 pro·

126 3663 241 3730 tegere:
264 3657 337 3736 Just.
360 3659 405 3737 38,
431 3679 452 3732 1,
477 3679 525 3722 10:
549 3665 608 3723 risu
629 3664 767 3740 protectis
787 3664 905 3724 insidiis.

211 3758 376 3822 Recurrere
397 3765 539 3824 translate
556 3767 675 3842 ponitur
695 3784 749 3843 pro
767 3769 929 3825 memoriam
952 3767 1026 3845 41ch
1047 3768 1095 3825 rei
1112 3772 1234 3841 repetere
1256 3778 1281 3833 2,
1299 3778 1327 3834 4,
1347 3774 1376 3836 7:

129 3858 166 3919 de
187 3880 246 3938 quo
268 3864 292 3923 si
313 3865 378 3941 quis
399 3866 539 3942 ambiget,
562 3875 693 3927 recurrat
715 3867 754 3927 ad
775 3869 902 3945 priorem
924 3868 1110 3928 consulatum
1131 3869 1204 3945 ejus
1239 3863 1284 3924 Cf.
1303 3862 1376 3921 Plin.

128 3979 199 4038 pan.
220 3963 269 4035 88,
294 3981 344 4025 ro:
369 3959 447 4027 haec
467 3970 568 4046 optimi
589 3969 750 4047 appellatio
772 3988 935 4048 numquam
957 3963 1117 4030 memoriae
1139 3968 1292 4028 hominum
1314 3964 1377 4023 sine

124 4072 155 4122 te
177 4073 314 4126 recurret
401 4099 414 4128 r
1017 4069 1019 4073 ’
1193 4077 1195 4082 ’

209 4165 393 4247 Resragari,
416 4172 497 4248 quod
518 4173 634 4249 proprie
656 4173 802 4249 significat
818 4174 944 4244 obstare,
967 4172 1115 4234 adversari
1131 4170 1276 4231 invenitur
1297 4166 1377 4244 apud

126 4267 272 4346 Vellejum
294 4280 435 4348 sequente
457 4295 490 4332 ne
512 4290 542 4345 2,
564 4291 619 4349 40,
641 4291 672 4351 5:
700 4293 768 4334 cum
794 4276 828 4334 iis
855 4294 923 4352 pars
950 4277 1133 4353 optimatium
1160 4271 1375 4349 refragabatur,

125 4387 163 4428 ne
183 4372 330 4447 promissa
351 4375 513 4435 civitatibus
536 4377 575 4436 ad
598 4377 718 4436 arbitria
739 4378 801 4454 ejus
818 4377 1060 4453 persolverentur.
1104 4375 1264 4436 Translata
1286 4373 1377 4448 signi·

123 4472 260 4534 ficatione
282 4476 339 4537 hoc
360 4478 480 4536 verbum
504 4488 599 4539 exstat
621 4478 701 4556 apud
722 4479 796 4538 Plin.
819 4479 847 4537 h.
869 4499 899 4538 n.
924 4496 965 4555 19,
989 4493 1005 4554 7
1026 4478 1089 4556 (38),
1114 4493 1171 4555 127.
