3268 5016
741 303 945 362 -,,-

220 477 357 538 deflenda
379 487 432 536 est.
477 476 522 536 Cf.
544 479 611 536 Sen.
634 477 673 537 ad
694 477 788 536 Marc.
811 474 861 546 26,
886 491 911 546 1;
943 475 1016 534 Plin.
1040 492 1085 552 ep.
1105 493 1135 554 9,
1159 493 1203 552 33,
1229 494 1271 548 11,·
1302 477 1376 538 Tac.
1399 497 1467 538 auu.

133 621 135 624 ·
222 597 248 654 3.
272 596 323 656 49;
347 579 426 638 Suet.
449 579 513 638 Cal.
537 595 585 654 30.

305 681 457 756 Depuderc
479 680 523 739 vel
546 681 667 739 verbum
690 679 885 755 impersonale
907 681 1025 754 deputet
1043 681 1123 756 apud
1141 682 1286 760 Vellejum
1308 682 1403 742 solum
1426 682 1470 741 di·

221 784 295 842 citur
316 801 370 858 pro
388 785 469 854 valde
485 785 574 859 pudet
589 799 614 854 2,
634 797 677 858 73,
697 798 727 856 3:
750 799 907 846 cumeum
924 801 984 842 non
1007 781 1168 858 depuderet
1184 783 1362 859 vindicatum
1380 785 1469 844 armis

220 904 257 945 ac
279 884 367 944 ductu
390 885 481 961 patris
503 885 548 944 sui
569 901 651 943 mare
673 883 814 943 infestare
835 883 964 959 piraticis
986 883 1151 942 sceleribus.
1197 883 1252 944 Ov.
1274 885 1335 944 her.
1362 902 1390 958 4,
1417 901 1469 964 155

221 996 250 1046 et
271 987 338 1046 Sen.
362 1005 443 1046 cons.
467 1005 528 1063 sap.
554 1000 593 1061 17,
617 1002 634 1060 3
656 993 701 1044 est
722 1003 777 1061 pro
792 986 902 1059 pudere
923 986 1050 1044 destitere
1071 982 1136 1060 (ov.
1160 1005 1217 1044 am.
1241 1003 1267 1063 3,
1291 1004 1330 1058 11,
1350 1003 1469 1062 41111110

220 1089 326 1164 legitur
335 1108 346 1149 ι.
366 1108 426 1149 non
448 1088 551 1166 puduit
573 1082 667 1163 ferre).
1271 1149 1274 1154 ,

304 1193 396 1250 Ferre
415 1193 540 1267 pretium
562 1189 667 1248 dicitur
688 1207 742 1264 pro
764 1189 872 1248 usitata
888 1187 1055 1252 elocutione
1076 1187 1197 1258 ,fructus
1216 1188 1301 1248 ferre‘
1323 1205 1349 1260 2,
1372 1205 1417 1266 45,
1439 1206 1470 1248 2:

219 1298 410 1353 conservatae
431 1292 544 1368 patriae
562 1291 691 1368 pretium
710 1281 913 1351 calamitatem
935 1289 1013 1359 tulit;
1040 1305 1069 1360 2,
1088 1305 1137 1364 52,
1160 1305 1190 1366 5:
1209 1292 1289 1368 quod
1311 1292 1470 1352 voluntatis

222 1413 295 1454 suae
323 1395 452 1472 pretium
481 1393 559 1462 tulin
583 1409 617 1462 2,
646 1405 709 1466 125,
739 1391 857 1449 1:.tulit
882 1400 911 1450 et
938 1391 996 1449 voti
1022 1400 1051 1448 et
1077 1392 1178 1451 consili
1204 1394 1249 1450 sui
1274 1395 1399 1470 pretium
1425 1411 1473 1452 res

219 1497 337 1573 publica
357 1495 436 1570 (Ter.
458 1494 550 1554 Andr.
573 1511 600 1570 3,
623 1509 648 1570 5,
672 1509 705 1567 4:
728 1510 785 1567 ego
807 1493 932 1568 pretium
955 1492 994 1550 ob
1017 1493 1168 1553 stultitiam
1190 1491 1273 1571 sero).

305 1599 409 1673 Fungr'
428 1604 516 1656 morte
543 1603 698 1673 poetarum
719 1612 802 1652 more
825 1603 980 1670 usurpatur
1002 1610 1027 1665 2,
1046 1612 1094 1672 49,
1115 1614 1141 1655 1:
1164 1596 1245 1656 fatali
1268 1607 1337 1657 ante
1358 1596 1471 1657 initium

111 1689 130 1771 “2
221 1700 364 1759 bellorum
383 1699 509 1758 civilium
526 1705 620 1756 morte
638 1697 731 1755 iuncti
748 1703 824 1754 sunt.
855 1695 901 1754 Ci.
919 1697 1177 1774 Krebs·Allgayer,
1196 1700 1350 1759 Antibarb.
1369 1700 1414 1758 ed.
1433 1699 1468 1756 V.

221 1821 249 1878 p.
268 1817 328 1878 494
346 1809 376 1860 et
398 1801 452 1860 sub
474 1799 679 1870 voce‘,fatum‘
702 1816 732 1874 p.
750 1796 818 1872 467.

304 1903 462 1978 Imperare,
484 1900 565 1978 quod
587 1900 708 1959 verbum
731 1897 953 1976 Ovidiustmet.
975 1916 1000 1971 2,
1024 1896 1098 1979 400)
1121 1901 1232 1961 videtur
1255 1921 1387 1972 novasse,
1408 1905 1470 1982 jam

221 2005 290 2064 inde
310 2025 330 2065 a
354 2004 467 2082 Vellejo
490 2003 666 2080 frequentari
688 2011 827 2079 coeptum
850 2011 895 2062 est
921 2003 1026 2062 eadem
1049 2005 1268 2078 significatione,
1296 2024 1355 2083 qua
1381 2010 1473 2065 ascri·

222 2108 297 2179 bere,
320 2109 475 2181 asrr'grnarc
497 2112 587 2182 atque
608 2104 638 2162 in
660 2103 772 2162 bonam
794 2112 824 2161 et
846 2105 875 2163 in
894 2105 1004 2163 malam
1026 2114 1142 2180 partem
1164 2115 1329 2184 usurpatur.
1368 2108 1474 2167 Exstat

225 2207 299 2267 Vell.
320 2222 346 2277 2,
368 2223 411 2282 23,
432 2223 464 2281 4:
486 2207 511 2267 si
536 2188 678 2283 quis'hoc
700 2205 859 2266 rebellandi
875 2215 997 2298 tempus
1016 2209 1141 2298 imputat
1162 2211 1395 2292 Atheniensibus,
1413 2211 1474 2270 veri

222 2310 343 2384 ignarus
365 2317 409 2368 est
430 2307 505 2382 (Sen.
528 2307 612 2385 phil,
640 2307 755 2380 Quint,
778 2307 867 2381 Tac,
890 2309 964 2369 Plin.
987 2327 1033 2386 ep.
1052 2329 1094 2352 -’-
1107 2311 1196 2386 Apud
1214 2311 1333 2371 Celsum
1356 2314 1474 2390 propria

224 2411 435 2486 significatione
457 2407 591 2488 ponitur).
663 2433 666 2440 ·

312 2511 439 2594 Jactari
458 2514 495 2573 de
516 2513 718 2600 laboribus'et
739 2514 886 2573 aerumnis
913 2515 943 2572 in
965 2515 1064 2591 primis
1091 2515 1128 2576 de
1155 2517 1300 2576 erroribus
1322 2516 1476 2576 maritimis

224 2615 326 2674 dicitur
350 2633 376 2687 1,
399 2633 427 2687 2,
453 2633 484 2691 3:
509 2615 611 2694 jactati
642 2634 709 2675 cum
736 2617 822 2676 variis
848 2617 965 2676 casibus
996 2618 1097 2693 quinto
1124 2617 1238 2677 decimo
1268 2615 1348 2677 anno
1375 2617 1474 2678 sedern

200 2783 203 2791 ⁴
223 2734 328 2793 cepere
345 2719 424 2776 circa
436 2702 570 2776 Lesbum¹
583 2717 720 2777 insulam.
754 2717 799 2777 cf.
818 2718 909 2792 Verg.
927 2719 1001 2778 Aen.
1022 2737 1043 2790 1,
1062 2737 1093 2796 3:
1115 2722 1197 2781 terris
1213 2723 1339 2799 jactatus
1357 2728 1387 2780 et
1404 2721 1475 2780 alto.

222 2820 310 2879 'Adde
332 2819 393 2879 Cic.
415 2820 452 2878 de
474 2820 531 2879 inv.
554 2836 579 2889 2,
604 2836 648 2896 31,
671 2837 721 2897 95;
744 2819 835 2879 Tusc.
858 2838 884 2896 5,
908 2837 932 2890 2,
949 2836 981 2904 ¹5.

240 2939 243 2944 ·
309 2919 419 2979 Moliri
446 2939 499 2998 pro
531 2929 678 2982 exstruere
709 2922 827 2997 ponitur
857 2923 1014 2998 praecipue
1046 2923 1082 2981 de
1114 2924 1263 2994 aedificiis,
1296 2925 1345 2982 ubi
1375 2924 1473 2983 multis

224 3025 320 3101 operis
333 3025 540 3102 impensisque
562 3021 637 3101 opus
659 3030 704 3083 est
725 3023 813 3100 idque
835 3024 1011 3083 vocabulum
1034 3025 1114 3101 apud
1135 3034 1237 3102 poetas
1260 3025 1397 3086 classicos
1419 3025 1476 3085 fre·

227 3106 450 3202 quentissimum
481 3133 535 3185 est.
580 3125 708 3205 Vellejus
739 3127 811 3186 dixit
841 3127 937 3186 moliri
968 3128 1073 3186 aedem
1106 3145 1132 3199 1,
1157 3145 1197 3199 11,
1221 3144 1250 3204 5;
1282 3129 1429 3188 theatrum
1453 3147 1477 3200 1,

227 3243 266 3304 15,
289 3244 320 3304 3;
339 3231 467 3304 porticus
489 3245 514 3298 2,
539 3246 561 3298 1,
585 3237 654 3296 aet
675 3245 699 3300 2,
723 3225 750 3299 8,
773 3245 803 3304 3;
826 3230 968 3306 templum
992 3246 1016 3300 2,
1041 3246 1103 3305 130,
1127 3247 1149 3289 1.

309 3329 467 3388 Penetrare
493 3338 627 3405 gentem,
655 3337 764 3390 terram
791 3331 809 3389 i.
837 3349 860 3389 S.
887 3350 915 3407 q.
934 3331 1118 3406 perlustrare
1143 3347 1172 3404 2,
1199 3346 1229 3407 5,
1258 3348 1284 3391 1:
1316 3333 1477 3410 penetratis

117 3441 118 3446 ’
226 3431 390 3508 Hispaniae
412 3432 562 3506 gentibus;
585 3449 611 3502 2,
634 3448 686 3506 40,
710 3449 736 3508 1¹:
758 3441 932 3508 penetratae
954 3434 1074 3492 victoria
1091 3433 1200 3504 Media,
1219 3434 1354 3504 Albania,
1377 3434 1475 3502 India;

226 3551 256 3605 2,
280 3548 330 3609 47,
355 3551 383 3592 1:
407 3534 450 3593 bis
472 3542 627 3610 penetrata
648 3534 813 3606 Britannia;
836 3552 866 3606 2,
891 3551 956 3612 105,
981 3553 1007 3594 1:
1034 3545 1187 3612 penetrata
1208 3537 1347 3596 ulteriora
1366 3536 1477 3613 (Verg,

225 3635 350 3708 Prien.
374 3635 451 3706 n.8,
476 3635 510 3694 16
532 3632 593 3718 (19),
616 3651 668 3712 50;
691 3632 769 3696 Suet.
793 3636 880 3696 Caes.
903 3654 949 3714 523
973 3639 1045 3716 Just.
1066 3654 1111 3712 24,
1131 3637 1218 3714 4,,3).

310 3739 517 3818 Praesulgere,
541 3739 620 3817 quod
643 3739 723 3816 apud
740 3741 905 3816 superiores
926 3749 1029 3816 poetas
1051 3741 1169 3817 proprie
1186 3741 1313 3817 ponitur,
1336 3741 1479 3800 translate

225 3852 381 3920 usurpatur
403 3861 422 3901 a
444 3842 558 3920 Vellej0
581 3843 676 3919 primo
698 3843 774 3901 inter
792 3842 877 3911 solut,
899 3843 1023 3901 oration.
1046 3843 1201 3918 scriptores
1229 3859 1255 3912 1,
1280 3859 1326 3916 14,
1353 3859 1379 3900 1:
1407 3862 1478 3902 nam

226 3945 394 4026 militarium
415 3941 520 4021 (suppl.
539 3944 729 4022 coloniarum)
751 3952 780 4004 et
802 3963 910 4004 causae
933 3953 962 4003 et
984 3952 1118 4004 auctores
1141 3963 1177 4003 ex
1198 3945 1327 4021 ipsarum
1350 3943 1477 4019 praesul·

225 4053 297 4121 gent
318 4047 437 4105 nomine
458 4044 669 4125 (Τ110,»(1011.).
685 4118 687 4122 Ι

310 4148 492 4219 Proenitcre,
521 4148 600 4225 quod
627 4148 749 4216 verbum
775 4147 917 4207 Horatius
938 4144 996 4222 (od.
1021 4165 1046 4218 1,
1070 4163 1120 4222 33,
1146 4145 1176 4222 4)
1202 4147 1315 4207 videtur
1342 4164 1475 4216 novasse,

225 4250 367 4309 translate
384 4259 481 4309 exstat
502 4266 527 4320 2,
551 4266 594 4325 35,
620 4267 647 4307 1:
670 4249 718 4308 ille
740 4250 802 4309 dies
821 4250 954 4309 virtutem
973 4249 1015 4308 M.
1034 4248 1157 4312 Catonis
1176 4249 1239 4326 jam
1261 4248 1358 4308 multis
1380 4249 1412 4306 in
1432 4266 1476 4306 re·

226 4352 281 4411 bus
303 4353 493 4428 conspicuam
516 4361 605 4428 atque
627 4352 841 4428 praenitentem
864 4352 1004 4412 altissime
1025 4351 1196 4410 illuminavit
1221 4351 1380 4425 (Halmin
1398 4349 1477 4408 altis·

151 4465 153 4470 ’
207 4437 300 4513 *simo*
330 4455 457 4513 culmine
487 4451 624 4530 locavit‘);
652 4470 682 4525 2,
712 4469 762 4530 39,
785 4470 815 4512 2:
848 4471 972 4531 quarum
1004 4455 1136 4530 gentium
1167 4452 1256 4513 titulis
1286 4453 1383 4511 sorum
1415 4454 1475 4529 ejus
