3268 5016
758 266 957 328 ‚426-

232 459 321 518 Prud.
354 459 432 518 cath.
462 474 509 528 10,
543 457 603 533 167.
641 487 679 500 -
718 457 862 517 Genitalis
893 457 955 515 dies
986 473 1053 534 pro:
1084 455 1146 514 dies
1176 453 1283 514 natalis
1313 453 1386 513 Tac.
1413 472 1481 513 ann.

235 562 268 620 16
307 579 348 620 1.
953 579 955 583 ’

274 603 281 632 ,
320 577 442 722 {leirena
490 660 618 720 Geticum
641 660 750 720 bellum
772 676 802 729 2,
824 673 876 735 59,
893 674 919 731 v4
942 655 1020 729 (On,
1042 655 1133 732 Stat).
1271 722 1273 726 7

322 763 488 824 Germanus
505 781 572 840 pro:
593 760 783 821 Germanicus
800 779 826 831 2,
847 760 919 832 106,.
930 777 959 819 2:
982 759 1066 818 fracti
1083 758 1283 834 Longobardi‚
1301 775 1374 833 gens
1393 758 1482 816 etiam

236 865 387 928 Germana
409 865 525 925 feritate
547 866 672 926 ferocior
692 863 768 939 (On,
790 862 890 961 leis).

319 967 429 1027 Hirtus
447 975 536 1044 atque
554 967 701 1025 borrellus.
737 965 823 1025 Haec
841 965 993 1035 vocabula,
1012 980 1090 1041 quae
1107 962 1224 1038 proprie
1241 961 1393 1031 hirsutum,
1416 959 1483 1018 hor·

123 1052 127 1061 ¹
235 1089 302 1130 rens
325 1070 451 1128 crinibus
472 1064 644 1145 (,struppig‘)
666 1068 839 1143 significant,
862 1066 1074 1126 transferuntur
1096 1082 1115 1122 a
1137 1063 1252 1140 Vellejo
1273 1062 1313 1122 ad
1334 1063 1482 1137 ingenium
1508 1107 1509 1112 1

116 1183 119 1188 '
227 1183 265 1231 ‘et
287 1189 383 1231 mores
405 1171 505 1230 inculti
527 1178 557 1229 et
579 1171 617 1230 ab
640 1170 789 1244 elegantia
812 1169 925 1242 urbana
947 1167 1035 1226 alieni
1052 1167 1139 1226 Marii
1156 1183 1181 1236 2,
1202 1183 1239 1236 11,
1260 1181 1286 1224 1:
1309 1163 1343 1223 C.
1361 1163 1480 1234 Marius,

236 1275 326 1332 hirtus
348 1280 438 1348 atque
460 1272 594 1332 horridus
615 1272 732 1347 vitaque
755 1277 883 1330 sanctus.
927 1269 974 1329 Cf.
995 1269 1069 1328 Hor.
1092 1287 1138 1345 ep.
1163 1285 1184 1340 1,
1208 1285 1234 1343 3,
1257 1282 1303 1326 22:
1331 1265 1480 1341 ingenium

235 1393 295 1434 non
317 1374 461 1434 incultum
482 1392 537 1434 nec
559 1375 680 1450 turpiter
702 1373 819 1433 hirtum.
865 1353 1143 1446 Horreilus'eadem
1170 1369 1396 1446 significatione,
1423 1385 1482 1443 qua

192 1515 196 1520 -
237 1477 316 1554 apud
338 1475 495 1554 Vellejum,
518 1476 607 1535 etiam
635 1477 715 1553 apud
737 1475 910 1536 Ciceronem
933 1482 1028 1534 exstat
1049 1473 1137 1552 (Brut.
1158 1489 1202 1548 31,
1226 1485 1285 1546 117:
1308 1471 1429 1530 Tubero
1452 1478 1483 1528 ut
1561 1541 1562 1546 ¹

235 1579 294 1638 vita
312 1579 352 1636 sic
374 1579 508 1636 oratione
529 1577 627 1648 durus
650 1577 784 1648 incultus,
806 1575 958 1653 horridus).
1167 1649 1170 1656 Ι
1364 1631 1367 1636 ,

321 1679 433 1740 Iliacus
455 1695 522 1755 pro:
549 1678 696 1757 Trosbnus
720 1697 745 1750 1,
768 1695 798 1754 3,
821 1694 850 1736 2:
872 1679 922 1754 qui
944 1679 1035 1737 lliaca
1056 1683 1268 1754 componentes
1289 1683 1423 1750 tempora
1446 1672 1482 1732 de

234 1801 270 1842 ea
292 1782 412 1857 regione
430 1789 663 1840 commemorant
683 1776 713 1858 [i.
731 1799 757 1840 e.
775 1799 822 1840 res
839 1781 939 1840 Iliacis
955 1780 1133 1856 temporibus
1152 1787 1251 1854 gestas
1269 1770 1479 1852 describentes]

196 1869 198 1879 '
237 1884 346 1962 (reg,
371 1883 541 1964 0v.,H91.‚
565 1882 613 1942 su.
635 1883 710 1953 itan,
726 1883 782 1948 ,ain
804 1881 928 1960 poetae).
1458 1881 1460 1886 ·

319 1987 476 2061 Impatiens
493 1985 699 2062 praeeuntibus
718 1983 823 2044 Ovidio
841 1994 870 2044 et
885 1985 1016 2058 Vergilio
1034 1985 1108 2041 inter
1125 1999 1231 2059 prosae
1253 1981 1392 2040 orationis
1414 1979 1483 2039 scri·

235 2097 333 2164 ptores
356 2083 467 2146 vi'detur
493 2094 610 2147 exstare
637 2086 716 2162 apud
742 2087 869 2163 primum
892 2084 1050 2162 Vellejum,
1078 2085 1127 2161 qui
1154 2083 1297 2161 adjectivo
1323 2082 1482 2156 genitivum

236 2188 368 2265 adjungit
390 2203 416 2258 2,
433 2203 477 2262 25,
499 2205 524 2245 1:
547 2187 589 2244 vir
612 2187 716 2263 quietis
738 2187 1007 2262 impatientissimus
1029 2185 1110 2260 (Col,
1133 2186 1199 2245 Sen.
1218 2185 1294 2261 phil,
1313 2184 1386 2242 Plin.
1404 2183 1480 2258 maj„

236 2289 328 2366 Tac).
372 2288 482 2359 Locus,
511 2305 598 2361 quem
620 2287 752 2348 Klotzius
778 2289 808 2347 in
830 2288 925 2347 lexico
946 2288 1054 2347 Latino
1076 2306 1112 2345 ex
1133 2287 1195 2345 Liv.
1219 2304 1248 2362 5,
1271 2299 1357 2361 57,4
1387 2283 1483 2358 (Klotz

236 2391 310 2452 salso
332 2408 361 2467 5,
385 2391 431 2468 58)
453 2392 550 2461 affert,
574 2408 652 2450 nunc
674 2399 821 2450 correctus
843 2399 888 2450 est
909 2391 1007 2466 ibique
1029 2390 1135 2465 legitur
1157 2389 1312 2464 ,impotens
1334 2389 1395 2445 est‘.

237 2531 239 2534 -
320 2493 516 2552 Ineluctabilis
538 2509 567 2561 2,
591 2506 634 2567 57,
658 2507 689 2566 3:
712 2491 764 2552 sed
785 2492 917 2568 profecto
935 2491 1129 2551 ineluctabilis
1151 2491 1277 2550 fatorum
1300 2490 1340 2548 vis
1363 2487 1484 2547 consilia

237 2595 405 2670 corrumpit.
431 2581 504 2666 '‚Ex
526 2594 617 2668 Verg.
639 2597 713 2652 Aen.
736 2592 763 2664 8,
785 2609 851 2668 554.
894 2595 953 2663 Pro
974 2612 1034 2669 quo
1055 2593 1118 2652 Liv.
1141 2592 1168 2663 8,
1191 2607 1216 2668 7,
1240 2593 1273 2650 8:
1295 2592 1482 2666 inexsupera-

236 2697 303 2755 bilis
324 2698 366 2754 vis
389 2695 453 2766 fati;
480 2694 565 2754 Ovid.
588 2704 657 2753 met.
683 2709 725 2770 15,
750 2694 820 2770 807:
853 2695 1049 2771 insuperabile
1071 2694 1177 2763 fatum;
1201 2693 1281 2752 Curt.
1307 2707 1354 2762 10,
1379 2708 1404 2760 1,
1427 2704 1480 2764 30:

236 2797 410 2857 inevitabilis
432 2814 495 2856 sors
518 2797 578 2856 fati.
614 2796 810 2856 Ineluctabilis
831 2797 861 2856 in
883 2796 980 2855 soluta
1002 2796 1135 2855 oratione
1150 2797 1242 2863 ¹etiam
1265 2795 1399 2854 dixerunt
1416 2795 1484 2852 Sen.

236 2909 297 2958 nat.
320 2907 434 2975 quaest.
457 2896 485 2969 6,
509 2912 534 2974 7,
557 2915 577 2966 2Ι
594 2906 625 2960 et
642 2879 793 2957 'Arnobius
815 2912 840 2973 7,
865 2914 892 2956 11
915 2897 985 2958 init‘
1016 2897 1218 2964 Ruhnkenius

321 2999 480 3060 Interritus
501 3018 567 3076 pro:
590 3021 646 3059 non
662 2997 850 3075 perterretur,
873 3020 929 3058 nen
951 3003 1067 3058 tenzz‘dus
1089 3015 1117 3070 2,
1141 3014 1192 3075 70,
1216 3015 1247 3058 2:
1273 3007 1480 3074 extentamque

238 3103 382 3162 cervicem
404 3103 549 3162 interritus
570 3103 674 3161 liberto
696 3104 830 3179 praebuit
855 3101 964 3178 (Verg,
989 3101 1053 3174 Ov.,
1076 3101 1143 3161 Sen.
1162 3102 1240 3178 phil,
1264 3099 1374 3173 Quint,
1397 3100 1482 3170 Tac,

238 3204 311 3262 Plin.
335 3204 421 3280 min).
521 3270 524 3276 ¹

282 3303 283 3307 ’
321 3307 437 3365 Rase'lzlr
458 3324 526 3383 pro:
543 3309 710 3394 perpolitus,
733 3309 875 3382 levigatus
896 3322 921 3376 2,
940 3306 985 3380 56,
1004 3322 1033 3365 2:
1056 3306 1193 3382 triumphi
1211 3304 1415 3380 Hispaniensis
1432 3321 1484 3379 ap·

238 3419 358 3486 paratus
381 3417 505 3483 argento
527 3409 606 3469 rasili
627 3411 764 3469 constitit.
799 3409 1004 3484 Intelliguntur
1027 3407 1183 3467 simulacra
1205 3415 1234 3465 et
1256 3406 1366 3465 fercula
1384 3423 1420 3464 ex
1438 3425 1486 3464 ar·

238 3511 351 3587 genteis
372 3511 488 3570 laminis
510 3512 615 3588 politis,
639 3513 770 3588 levigatis
788 3529 853 3571 non
874 3511 995 3570 caelatis
1017 3509 1125 3586 (Verg,
1150 3508 1215 3579 Ον,
1237 3509 1310 3568 Plin.
1334 3506 1420 3586 mai).

323 3609 449 3671 Rebellis
470 3631 538 3672 eum
561 3614 713 3689 siguificat,
736 3613 836 3689 quiin
858 3613 1035 3692 deditionem
1053 3622 1191 3688 acceptus
1212 3611 1322 3670 bellurn
1344 3628 1486 3670 renovare

239 3713 337 3773 studet
354 3729 378 3784 2,
398 3730 447 3790 90,
468 3731 494 3773 1:
517 3715 665 3774 Delmatia
687 3733 781 3774 annos
804 3715 904 3790 viginti
925 3723 955 3774 et
976 3714 1117 3774 ducentos
1140 3714 1256 3774 rebellis
1278 3713 1393 3789 (Verg,
1417 3711 1483 3784 On,

240 3815 306 3875 Val.
328 3814 419 3885 Marc,
437 3817 521 3888 Tac„
539 3817 665 3892 postea).
678 3848 718 3860 —
1151 3819 1154 3836 ‘

324 3919 379 3978 His
397 3919 545 3998 adjectivis
559 3918 686 3995 Vellejus
709 3919 952 3992 significationem
974 3927 1026 3977 aut
1048 3927 1223 3977 structuram
1245 3918 1284 3976 ab
1306 3919 1484 3993 optimorum

239 4022 412 4095 scriptorum
434 4019 646 4080 consuetudine
667 4020 874 4079 abhorrentem
895 4021 1046 4094 imposuit:

324 4124 438 4199 Aequus
460 4143 544 4198 quaen
567 4139 634 4199 pro:
657 4141 762 4196 aequus
784 4128 865 4197 alque
886 4123 1003 4197 ponitur
1025 4138 1054 4193 2,
1079 4139 1137 4194 121,
1163 4140 1189 4181 1:
1212 4122 1378 4198 postulante
1400 4128 1484 4197 patre

240 4228 310 4304 ejus,
332 4235 365 4286 ut
387 4243 515 4302 aequum
537 4225 564 4282 ei
584 4226 630 4302 jus
652 4224 682 4283 in
704 4224 840 4283 omnibus
862 4224 1015 4299 provinciis
1037 4225 1269 4301 exercitibusque
1287 4234 1371 4294 esset,
1394 4240 1485 4300 quam

239 4338 302 4387 erat
319 4328 382 4404 ipsi.
401 4326 502 4400 Quum
520 4329 645 4404 primum
663 4325 742 4401 apud
760 4325 896 4384 Plautum
914 4324 986 4400 (Mil.
1005 4343 1030 4397 2,
1049 4344 1075 4404 5,
1094 4325 1132 4404 55
1144 4323 1242 4406 [465];
1264 4325 1349 4401 Epid.
1368 4341 1394 4397 2,
1409 4343 1435 4401 5,
1449 4323 1485 4400 2),

240 4430 345 4490 deinde
367 4431 446 4508 apud
468 4429 581 4489 Livium
603 4429 637 4506 (5,
661 4445 687 4504 5,
710 4444 743 4501 4;
766 4444 808 4502 52,
833 4443 854 4498 1,
877 4425 906 4507 5)
928 4427 957 4487 21
978 4431 1154 4506 posteriores
1177 4447 1349 4506 aeque...
1370 4445 1487 4504 .quam
