3268 5016
666 335 863 394 -5,..

224 501 376 578 Superesse
397 504 415 562 i.
440 521 463 562 S.
485 523 513 582 q.
536 507 711 580 superstitem
734 523 842 576 estez,
868 524 929 583 119,
952 524 982 582 51
1011 509 1172 568 nonenim
1195 509 1317 574 desertis
1339 529 1391 572 su·

137 605 253 680 perluit,
278 605 329 664 sed
353 605 484 665 desertor
506 607 612 666 occidit
633 607 746 684 (Plaut,
770 607 850 668 Asin.
870 609 942 668 Poll.
961 611 1040 685 apud
1059 599 1120 669 Cic.²
1139 611 1208 670 fam.
1229 628 1273 683 1ο,
1292 630 1337 689 33,
1356 629 1390 691 51

137 705 208 776 Liv.‚
231 706 305 764 Plin.
328 725 384 782 ep.,
407 706 506 782 Suet).

223 807 444 885 Supersundere
465 809 583 885 propria
610 810 821 885 significatione
848 829 873 870 c.
896 810 996 871 dativo
1023 813 1170 890 conjunct.
1194 817 1335 892 reperitur
1361 833 1387 888 2,

135 925 177 978 22,
197 925 225 966 2:
244 909 341 968 incisis
360 911 440 969 venis
458 912 670 990 superfusoque
689 913 833 988 sanguine
850 913 990 972 altaribus
1008 910 1084 990 (Ov.,
1099 915 1169 985 Liv.‚
1185 915 1257 986 Cot,
1274 914 1385 990 Quint,

135 1011 207 1070 Plin.
231 1010 320 1085 min).
403 1049 407 1056 ·

223 1113 346 1171 Tendere
368 1115 410 1170 ad
428 1112 509 1189 alqm
531 1130 559 1183 2,
585 1130 643 1189 115,
667 1131 695 1173 2:
723 1134 775 1191 per
796 1123 900 1191 gentes
929 1115 1065 1178 immunis
1093 1117 1189 1178 adhuc
1211 1119 1296 1180 clade
1318 1121 1387 1202 belli

134 1215 257 1273 tendens
280 1213 319 1273 ad
342 1213 493 1273 Tiberium
516 1212 643 1288 (tendere
666 1215 704 1274 ad
726 1225 824 1276 castra
841 1217 903 1276 Liv.
922 1235 950 1294 9,
969 1232 1012 1292 37,
1033 1234 1081 1289 10;
1105 1220 1178 1278 alter
1201 1220 1387 1281 adulterum

132 1316 318 1375 tenderemus
340 1315 414 1375 Plin.
438 1335 483 1392 ep.
504 1334 525 1387 1,
544 1333 569 1392 5,
589 1318 625 1394 9).
642 1349 681 1360 -—
696 1317 818 1378 tendere
839 1337 926 1378 cursu
948 1317 987 1378 ad
1010 1319 1090 1396 alqm
1108 1337 1133 1389 2,
1157 1334 1204 1396 70,
1223 1339 1252 1404 2:
1275 1341 1386 1404 agmen

132 1436 218 1477 cursu
240 1416 278 1475 ad
302 1435 370 1476 eum
393 1419 587 1488 tendentium,
615 1428 647 1477 ut
674 1419 754 1496 apud
775 1420 845 1480 Sall.
869 1419 936 1498 Jug.
960 1437 1008 1495 qr,
1033 1438 1066 1494 4:
1093 1439 1179 1482 cursu
1202 1423 1323 1483 tendere
1346 1425 1387 1486 ad

130 1519 269 1597 Capsam.

221 1621 357 1681 Tolerere
383 1625 473 1683 vitam
496 1619 618 1701 (tristen)
639 1640 667 1693 2,
693 1640 740 1700 19,
763 1641 796 1699 4:
822 1623 935 1706 Marius
957 1625 1076 1700 inopem
1099 1626 1188 1684 vitam
1211 1626 1240 1684 in
1263 1627 1403 1702 tugurio¹

133 1725 282 1782 ruinarum
318 1723 603 1799 Carthaginiensium
639 1725 780 1783 toleravit.
829 1723 874 1783 Cs.
907 1725 1047 1784 Buenem.
1075 1726 1114 1785 ad
1140 1726 1222 1786 Lact.
1246 1743 1277 1802 3,
1302 1742 1387 1804 17,5

132 1845 159 1901 p.
176 1809 229 1902 353Ι
247 1823 290 1902 (1),
309 1827 359 1901 qui
377 1826 459 1885 locos
477 1827 564 1886 affert
581 1827 647 1886 hos:
667 1825 753 1886 Caes.
773 1827 800 1884 b.
820 1825 858 1886 G.
877 1840 902 1902 7,
921 1840 967 1903 77,
988 1843 1029 1886 12:
1048 1827 1173 1887 tolerare
1191 1829 1294 1898 vitam:
1313 1830 1341 1888 b.
1360 1849 1387 1890 c.

129 1944 155 2001 3,
183 1943 231 2002 49,
258 1943 289 2001 31
321 1928 544 2002 cognoscebant
570 1946 662 2004 equos
689 1946 790 1986 eorum
822 1928 939 1986 tolerari
965 1928 1095 1998 ,wirden
1118 1929 1195 1988 noch
1222 1931 1385 2007 notdiirstig

128 2028 282 2096 erhalten‘;
305 2029 334 2087 b.
357 2047 381 2086 c.
405 2045 430 2103 3,
455 2027 502 2104 58,
525 2045 557 2101 4:
581 2030 744 2104 equitatum
766 2028 901 2089 tolerare.
946 2029 1034 2106 Apud
1061 2029 1234 2091 Ciceronem
1256 2033 1384 2093 tolerare

128 2130 184 2188 hac
206 2130 420 2205 significatione
441 2148 501 2188 non
524 2138 627 2190 exstat.
1271 2113 1274 2117 ¹

218 2232 328 2292 Tollere
349 2233 482 2292 absolute
505 2231 608 2290 dicitur
630 2251 683 2308 pro
706 2251 750 2301 eo,
773 2231 854 2309 quod
868 2211 960 2308 ‘apud
982 2232 1153 2293 Ciceronem
1176 2243 1232 2294 est:
1260 2235 1297 2294 de
1319 2255 1384 2296 me·

128 2334 186 2401 dic,
205 2333 290 2404 11110,
310 2352 433 2403 veneno,
457 2333 586 2393 funditus
608 2334 711 2393 tollere
733 2349 758 2404 2,
777 2350 821 2408 91,
839 2350 870 2408 31
894 2342 925 2392 111
943 2353 1003 2411 quo
1021 2335 1102 2394 salvo
1125 2335 1222 2394 salvus
1239 2355 1305 2396 esse
1323 2357 1383 2398 non

128 2443 255 2512 9011111,
283 2454 320 2495 10
347 2436 466 2495 sublato
492 2441 663 2494 moreretur.
708 2435 788 2494 Brut.
811 2434 891 2511 apud
917 2435 978 2494 Cic.
1006 2435 1075 2494 fam.
1100 2453 1141 2506 11,
1164 2452 1215 2507 20,
1241 2455 1251 2495 1
1280 2438 1382 2498 tollere

128 2537 264 2596 absolute
291 2538 410 2614 quidem
433 2537 551 2612 ponitur
573 2535 625 2596 sed
647 2537 697 2605 ita,
725 2543 758 2593 ut
782 2555 835 2612 per
862 2537 1085 2612 ambiguitatem
1112 2539 1317 2615 accipiendum
1344 2539 1382 2599 sit

128 2647 180 2696 aut
200 2656 254 2714 pro
285 2638 323 2698 de
350 2638 448 2697 medio
476 2638 577 2697 tollere
608 2649 659 2697 aut
685 2656 739 2715 910
765 2638 901 2699 laudibus
932 2619 1107 2700 11111111-
1135 2641 1244 2700 Tollere
1274 2641 1381 2701 liberos

128 2747 283 2815 poetarum
306 2758 388 2799 more
410 2748 567 2816 usurpatur
589 2758 642 2815 pro
665 2743 779 2799 nutrire
805 2749 894 2817 atque
920 2743 1040 2800 educere
1071 2760 1097 2812 1,
1127 2760 1167 2814 11,
1196 2742 1228 2802 6:
1255 2751 1383 2821 quatuor

89 2879 93 2890 ι
128 2842 201 2900 filios
219 2843 332 2901 sustulit
350 2839 465 2918 (Plaut,
484 2842 569 2912 Ter,
583 2842 664 2901 Poet.
683 2842 762 2919 apud
781 2842 841 2902 Cic.
853 2842 890 2902 de
903 2842 959 2902 div.
974 2861 995 2914 1,
1010 2860 1051 2914 21,
1065 2860 1101 2919 42
1107 2861 1114 2915 ;
1133 2843 1235 2916 Quint.
1249 2862 1277 2918 4,
1292 2862 1317 2916 2,
1328 2844 1383 2922 42).

218 2944 341 3020 Torpere
371 2963 424 3022 per
445 2944 669 3004 translationem
692 2944 796 3005 dicitur
818 2961 846 3014 2,
871 2943 919 3014 61,
944 2961 969 3002 11
997 2947 1132 3021 torpebat
1157 2964 1299 3022 oppressa
1327 2944 1381 3005 do·

129 3044 289 3105 minatione
316 3047 426 3104 Antoni
458 3045 570 3115 civitas:
601 3046 658 3106 hoc
680 3047 802 3105 verbum
833 3055 950 3122 torpere
971 3047 1073 3115 verbis,
1105 3066 1180 3123 quae
1207 3055 1381 3124 sequuntur,

127 3147 256 3225 Vellejus
278 3149 340 3224 ipse
363 3149 501 3225 explicat:
520 3149 561 3206 vis
584 3146 623 3207 ad
646 3148 839 3207 resistendum
859 3147 930 3206 nulli
947 3147 1059 3207 aderat.
1096 3147 1140 3207 Cs.
1161 3147 1222 3207 Liv.
1243 3165 1264 3217 1,
1283 3163 1327 3221 41,
1347 3164 1379 3223 3;

127 3249 158 3318 6,
186 3265 234 3324 23,
262 3250 290 3308 6.
327 3283 362 3296 ·-
394 3250 547 3310 Sallustius
579 3267 649 3308 usus
686 3258 730 3309 est
764 3249 870 3308 eadem
901 3250 1113 3322 significatione
1144 3250 1288 3310 vocabulo
1319 3257 1381 3308 tor-

126 3369 254 3426 pescere,
278 3353 357 3410 velut
379 3351 444 3411 Cat.
470 3350 512 3421 16,
536 3368 566 3426 3;
590 3351 655 3428 Jug.
679 3367 703 3421 2,
726 3367 754 3425 4.
997 3351 1002 3362 '

216 3453 308 3512 Urere
324 3455 385 3530 jam
399 3453 467 3512 inde
485 3470 503 3512 a
521 3453 604 3512 Livio
622 3470 674 3529 per
692 3453 913 3512 translationem
927 3470 979 3528 pro
996 3463 1135 3528 premere,
1154 3473 1260 3529 urgere
1282 3460 1379 3512 exstat

127 3555 163 3614 de
180 3557 214 3614 iis
228 3556 323 3622 rebus,
342 3573 418 3632 quae
436 3557 626 3632 gravissimae
644 3563 673 3613 et
690 3555 915 3613 molestissimae
933 3561 1009 3623 sunt,
1028 3561 1059 3612 ut
1077 3555 1251 3630 pestilentia,
1269 3555 1378 3632 inopia,

126 3656 228 3726 fames,
251 3657 319 3716 alia.
363 3657 439 3716 Vell.
463 3673 491 3724 2,
515 3671 557 3731 77,
583 3674 608 3714 1:
632 3657 772 3732 populum
795 3656 892 3731 gravis
914 3657 1017 3716 urebat
1040 3675 1168 3716 annona.

219 3759 324 3817 Verere
343 3759 419 3818 alcui
441 3761 482 3816 rei
510 3777 569 3817 non
592 3776 756 3834 numquam
779 3755 857 3816 idern
879 3757 1031 3831 significat,
1058 3759 1136 3834 quod
1160 3769 1272 3834 operam
1296 3760 1376 3824 dare,

124 3881 153 3918 se
182 3863 289 3930 dedere,
317 3880 408 3937 quam
435 3860 677 3934 significationem
709 3858 917 3935 posterioribus
944 3859 1132 3934 scriptoribus
1155 3861 1375 3919 usitatissimam

124 3981 162 4019 ne
185 3962 287 4038 optimi
306 3962 423 4038 quidem
442 3962 595 4038 scriptores
614 3961 746 4019 videntur
763 3959 941 4036 repudiasse.
969 3958 1013 4018 Cf.
1033 3958 1094 4018 Cic.
1113 3961 1149 4018 de
1168 3961 1223 4018 div.
1244 3978 1265 4029 1,
1285 3959 1311 4029 6,
1333 3976 1376 4017 11:

123 4081 182 4138 ego
217 4064 420 4140 philosophiae
451 4083 567 4140 semper
599 4081 680 4122 vaco.
734 4062 809 4121 Vell.
841 4078 870 4132 2,
912 4077 972 4134 114,
1007 4078 1029 4118 1:
1066 4060 1133 4120 huic
1169 4063 1218 4120 uni
1255 4062 1376 4136 negotio

124 4164 239 4224 animus
261 4176 356 4225 vacat.
403 4168 497 4226 Vacat
519 4167 677 4241 imperson.
701 4173 843 4240 sequente
861 4162 1000 4221 infinitivo
1025 4179 1050 4232 1,
1076 4178 1118 4238 15,
1144 4181 1170 4222 1:
1198 4181 1257 4223 non
1286 4181 1375 4222 vaca·

124 4267 162 4323 vit
185 4267 328 4344 Romanis
351 4267 482 4332 colonias
506 4268 631 4327 condere
653 4263 762 4341 (Verg,
782 4265 847 4334 Ov,
870 4263 946 4324 Plin:
966 4281 1021 4338 ep,
1046 4263 1166 4339 Quint).

217 4370 340 4428 Verr'nri
358 4371 463 4445 passiv.
486 4373 643 4445 imperson.
665 4368 768 4426 dicitur
791 4383 816 4436 2,
834 4382 875 4441 51,
894 4383 926 4442 31
949 4367 1093 4425 variatum
1117 4366 1223 4426 deinde
1245 4367 1375 4444 proeliis.

123 4468 169 4527 ct.
193 4469 253 4527 Liv.
277 4486 301 4546 7,
325 4487 371 4540 22,
397 4486 444 4529 10:
469 4471 595 4528 variatur
614 4470 750 4538 comitiis:
774 4484 821 4538 22,
845 4467 898 4539 60,
922 4485 955 4543 31
978 4467 1106 4527 variatur
1128 4471 1285 4529 sententiis.

1196 4573 1219 4625 4.
