3268 5016
678 301 882 360 ..55-

60 502 64 512 ι
154 490 247 531 unam
270 471 431 530 alteramve
454 487 542 545 supra
564 471 871 544 commemoravimus,
893 489 930 529 ea
947 477 1064 529 tanturn
1083 471 1248 540 afferemus,
1272 489 1350 547 quae
1371 472 1410 530 ab

155 574 265 632 usitata
283 572 399 631 dicendi
417 573 631 631 consuetudine
648 573 777 632 maxime
791 572 943 631 videantur
960 571 1098 630 recedere
1116 579 1168 630 aut
1185 572 1265 648 apud
1283 573 1410 648 optimos

154 675 309 751 scriptores
324 665 423 732 ¹minus
441 674 499 732 sint
517 673 689 749 frequentia.
713 675 748 732 In
766 691 827 732 non
842 675 926 732 nullis
939 691 1008 732 vero
1026 673 1112 732 rebus
1131 673 1155 731 si
1170 673 1279 732 multus
1297 673 1409 744 luerim,

155 777 273 836 veniam
295 784 374 850 peto.

241 876 415 952 Singularis
436 895 574 934 numerus
596 876 676 935 verbi
697 877 827 954 ponitur,
858 877 907 935 ubi
930 876 1093 954 subjectum
1116 876 1155 934 ad
1176 877 1250 933 duas
1272 875 1317 934 vel
1339 896 1411 934 com-

148 983 253 1056 plures
274 986 416 1055 personas
439 979 564 1054 pertinet
586 994 611 1047 2,
634 994 662 1053 9,
687 995 714 1035 1:
737 995 793 1036 nec
815 977 1047 1054 praetereundus
1064 976 1201 1036 Metellus
1224 985 1254 1034 et
1271 977 1410 1042 Scaurus:

155 1097 180 1150 2,
199 1097 228 1157 9,
248 1080 280 1138 6:
308 1080 457 1140 Vetusnor
479 1078 604 1138 Sisenna
626 1079 680 1137 fuit
702 1078 820 1138 Caeliu's
843 1079 1044 1155 Claudiusque
1066 1076 1281 1152 Quadrigarius
1303 1085 1333 1137 et
1350 1077 1412 1136 Va·

84 1215 87 1222 .
155 1183 243 1242 letius
270 1181 387 1249 Antias;
415 1197 444 1251 2,
468 1196 519 1256 54,
541 1197 570 1259 2:
603 1181 727 1251 bellum,
755 1181 836 1256 quod
862 1181 961 1239 ciebat
987 1199 1038 1238 rex
1060 1179 1137 1257 Juba
1164 1191 1194 1238 et
1216 1179 1321 1255 Scipio.
1366 1178 1410 1238 Cl.

155 1283 282 1359 Zumptii
303 1281 438 1342 Gramm.
461 1281 527 1340 Lat.
551 1279 570 1357 ξ
588 1297 654 1357 373.1

247 1381 425 1442 Constructz'o
447 1383 497 1442 illa
519 1375 604 1444 κατὰ
627 1375 766 1454 σύνεσιν,
789 1402 849 1461 qua
867 1385 906 1453 fit,
931 1392 963 1441 ut
985 1383 1098 1442 nomini
1119 1383 1271 1443 collective
1293 1383 1412 1460 pluralis

156 1487 237 1546 verbi
255 1503 394 1543 numerus
413 1485 599 1562 adiungatur,
618 1486 762 1544 invenitur
782 1502 804 1555 1,
826 1484 868 1554 16,
887 1500 917 1558 5:
936 1484 1013 1543 adeo
1031 1492 1159 1552 artatum
1177 1486 1320 1560 angustiis
1338 1494 1413 1543 tem·

157 1605 274 1664 porum,
303 1596 335 1644 ut
358 1603 447 1644 nemo
469 1587 613 1645 memoria
635 1585 740 1660 dignus
767 1586 841 1644 alter
867 1586 906 1642 ab
933 1585 1032 1643 altero·
1051 1585 1141 1644 videri
1165 1586 1360 1662 nequiverint,
1388 1603 1413 1661 2,

158 1703 201 1763 35,
220 1705 253 1762 4:
275 1696 309 1745 ut
326 1688 420 1764 major
442 1706 510 1763 pars
532 1687 641 1747 ordinis
659 1684 995 1763 equestrisCiceronem
1014 1694 1259 1762 prosequerentur
1277 1687 1399 1746 domum
1406 1702 1416 1763 ;s
1481 1689 1489 1702 ⁸

159 1806 189 1860 2,
214 1804 260 1864 19,
284 1805 316 1861 4:
340 1806 409 1847 cum
432 1789 505 1847 alter
528 1789 611 1846 alteri
633 1797 753 1864 possent
774 1805 839 1846 esse
861 1786 976 1846 solatio.

242 1891 397 1966 Appositm,
420 1906 498 1964 quae
520 1888 624 1948 dicitur
643 1891 784 1963 partitiva
807 1889 852 1946 vel
876 1888 1068 1957 distribuisse,
1097 1888 1240 1964 reperitur
1261 1904 1289 1957 2,
1314 1901 1358 1962 71,
1382 1905 1413 1962 3:

159 1993 273 2051 Drusus
294 1991 393 2050 Livius
416 1998 445 2048 et
467 1991 565 2049 Varus
587 1989 745 2062 Quintilius
764 1990 838 2048 alter
860 2007 891 2048 se
914 1990 977 2065 ipse
998 1989 1159 2059 interemit,
1189 1989 1286 2048 Varus
1314 1998 1413 2048 autem

155 2094 306 2172 jugulatus
328 2101 382 2152 est.
426 2090 472 2150 cf.
494 2092 606 2167 Draeg.
628 2093 693 2151 hist.
715 2092 796 2168 Synt.
819 2092 842 2148 Ι.
864 2109 893 2166 p.
917 2108 944 2164 3.

245 2192 375 2253 Genitr'vr'
394 2194 525 2270 objectivi
543 2194 639 2252 minus
662 2193 771 2253 usitata
793 2192 929 2267 exempla
947 2192 1108 2251 afferantur
1125 2191 1213 2252 haec:
1237 2189 1414 2270 adjutorium

157 2296 268 2379 belli-2,
289 2311 344 2365 112,
362 2309 395 2372 43
417 2312 500 2354 amor
517 2296 645 2370 partium
663 2294 910 2370 Pompeianarum
928 2309 953 2363 2,
973 2291 1018 2363 62,
1034 2293 1067 2361 6;
1090 2309 1161 2352 cura
1183 2294 1251 2353 belli
1273 2309 1298 2364 2,
1318 2307 1362 2369 97,
1383 2309 1412 2362 2;

158 2417 229 2457 cura
252 2397 369 2473 frugum
392 2411 420 2467 2,
444 2410 494 2471 25,
520 2413 544 2466 1;
568 2395 690 2456 infamia
712 2397 857 2472 pecuniae
879 2411 908 2464 2,
933 2410 981 2469 32,
1004 2409 1020 2452 2
1042 2391 1137 2467 (Caes.
1160 2394 1188 2452 b.
1211 2411 1238 2453 c.
1267 2412 1294 2465 1,
1317 2411 1349 2467 4,
1374 2398 1413 2470 5);

158 2499 284 2573 segnitia
305 2516 366 2557 non
388 2498 532 2558 vindictae
554 2499 676 2576 injuriae
700 2516 726 2568 1,
752 2516 776 2569 1,
802 2514 828 2568 1;
850 2498 973 2574 injuriae
995 2495 1041 2556 avi
1065 2513 1091 2565 1,
1115 2495 1147 2565 8,
1170 2512 1190 2568 4
1212 2493 1343 2573 (injuriae
1367 2514 1414 2554 so·

159 2599 271 2681 ciorum
292 2598 362 2657 Sall.
385 2597 451 2675 Jug.
476 2614 517 2672 14,
543 2595 598 2675 19);
621 2598 693 2658 ultio
715 2599 932 2658 inimicitiarum
955 2613 985 2667 2,
1009 2610 1034 2671 7,
1058 2597 1091 2665 6;
1113 2597 1187 2655 ultio
1209 2598 1365 2656 noxiorum
1388 2613 1413 2667 2,

160 2713 222 2774 ¹252
244 2715 272 2772 3·
1263 2701 1267 2708 ’

247 2798 397 2858 Genzlzims
414 2801 471 2871 ille,
492 2819 581 2877 quem
591 2805 782 2877 proprietates
799 2819 867 2859 vere
882 2800 996 2870 dixeris,
1014 2800 1156 2877 reperitur
1170 2817 1194 2870 2,
1205 2799 1253 2876 69,
1264 2815 1293 2858 2:
1312 2800 1415 2858 decem

159 2902 292 2977 legiones
318 2904 349 2960 in
375 2920 412 2961 eo
438 2910 533 2961 tractu
560 2903 700 2980 suijuris
727 2904 848 2971 fecerat;
877 2919 907 2972 2,
933 2901 999 2972 108,
1022 2918 1052 2960 2:
1084 2903 1221 2961 finitimos
1243 2903 1338 2962 omnis
1361 2910 1413 2960 aut

159 3003 238 3061 bello
261 3002 375 3061 domuit
397 3011 448 3062 aut
466 2997 690 3062 ‘condicionibus
712 3004 757 3062 sui
777 3004 848 3079 juris
871 3003 947 3069 fecit.

247 3102 397 3164 Genitr'vus
419 3122 478 3162 non
496 3104 581 3164 nullis
599 3105 757 3182 adjectivis,
780 3122 858 3182 quae
876 3113 1026 3175 vocantur,
1044 3105 1171 3163 relativis
1189 3105 1371 3181 adjungitur:

243 3207 321 3265 Acer
342 3206 412 3265 belli
436 3223 462 3276 1,
485 3222 515 3280 3,
541 3223 552 3263 1
579 3203 657 3280 (acer
679 3206 799 3265 militiae
821 3206 895 3264 Tac.
917 3206 983 3264 hist
1006 3221 1035 3275 2,
1059 3201 1101 3282 5);
1129 3215 1231 3264 tamen
1254 3207 1414 3266 acerrimus

159 3308 238 3366 bello
260 3323 290 3379 2,
316 3308 363 3378 18,
388 3325 399 3366 1
423 3305 523 3382 (Verg.
546 3309 621 3366 Aen.
646 3322 694 3377 10,
718 3303 789 3383 411).
833 3306 938 3366 Cicero
960 3305 1017 3365 hoc
1040 3306 1215 3384 adjectivum
1238 3325 1306 3366 curn
1328 3326 1415 3384 prae·

158 3411 358 3486 positionibus,
382 3428 458 3486 quae
480 3418 549 3469 sunt
569 3411 598 3467 in
621 3417 651 3468 et
672 3409 720 3480 ad,
745 3411 905 3487 conjungit.
928 3440 968 3450 -
992 3428 1088 3484 capax
1110 3409 1246 3468 fortunae
1269 3425 1299 3479 2,
1323 3427 1375 3486 93,
1398 3426 1414 3468 2

158 3510 233 3589 (Ov,
255 3511 323 3599 Sen.
342 3520 428 3586 trag,
451 3512 535 3582 Tac,
558 3511 630 3570 Plin.
649 3529 704 3586 ep,
728 3510 827 3587 Curt).
863 3511 986 3587 Propria
1004 3511 1216 3586 significatione
1236 3513 1298 3591 jam
1317 3511 1415 3572 Livius

159 3613 244 3672 dixit:
268 3614 325 3672 cibi
346 3614 464 3690 vinique
486 3613 695 3689 capacissimos
715 3629 746 3688 9,
770 3611 813 3683 16,
838 3629 879 3688 13.
903 3643 942 3656 -
966 3613 1099 3672 eminens
1122 3631 1147 3672 c.
1171 3615 1260 3688 genit.
1285 3630 1415 3684 1,12,2:

160 3715 257 3791 Scipio
279 3715 463 3774 Aemilianus
484 3715 585 3790 ingeni
606 3733 643 3774 ac
665 3714 828 3773 studiorum
850 3714 1097 3774 eminentissimus
1120 3716 1210 3774 seculi
1232 3705 1285 3775 sui.
1329 3716 1416 3775 Haec

159 3823 306 3875 structura
328 3816 407 3892 apud
430 3817 525 3876 solum
540 3815 685 3894 Vellejum
707 3816 821 3876 videtur
842 3824 967 3876 exstare.
985 3845 1026 3858 -
1046 3817 1219 3878 fortissimus
1241 3819 1332 3876 animi
1354 3817 1417 3874 bel·

158 3917 238 3994 lique
260 3933 290 3988 2,
314 3931 360 3993 27,
394 3936 405 3976 1
428 3918 517 3994 (Nep.
543 3917 630 3976 Paus.
656 3934 681 3986 1,
705 3933 720 3974 2
743 3916 939 3975 manufortis
962 3915 1046 3986 dixit;
1070 3917 1150 3993 apud
1173 3916 1348 3976 Ciceronem
1370 3935 1416 3976 se·

159 4027 288 4095 quuntur
309 4019 540 4095 praepositiones
557 4018 587 4076 in
605 4025 634 4076 et
652 4013 711 4094 ad).
730 4047 770 4060 -
788 4017 964 4076 immodicus
982 4018 1094 4093 gloriae
1112 4035 1136 4088 2,
1157 4035 1194 4084 11,
1215 4034 1225 4075 1
1251 4015 1331 4094 (Sall.
1351 4018 1415 4077 hist.

161 4137 183 4189 1,
210 4136 260 4192 114
281 4118 334 4176 D.:
354 4120 530 4178 immodicus
554 4120 657 4207 animi;
682 4119 754 4190 Col,
773 4119 856 4189 Tac,
880 4119 938 4189 sit,
961 4115 1055 4196 Stat).
1100 4120 1219 4180 Tamen
1241 4120 1416 4180 immodicus
1474 4179 1476 4182 ,
1523 4179 1525 4182 .

158 4223 191 4278 in
213 4219 386 4296 appetendis
408 4221 578 4280 honoribus¹
592 4236 617 4291 2,
640 4237 688 4297 33,
710 4237 796 4296 3.-
820 4221 960 4279 immunis
982 4221 1155 4280 delictorum
1177 4230 1369 4296 paternorum
1391 4237 1416 4293 2,

159 4334 184 4396 7,
203 4337 219 4378 2
241 4319 312 4394 (Liv.
334 4335 360 4396 7,
379 4335 405 4396 7,
424 4337 453 4397 5;
478 4320 533 4402 Or.
557 4321 618 4380 her.
642 4339 685 4396 14,
709 4321 741 4392 83
764 4321 839 4380 Tac.
863 4339 932 4380 ann.
957 4339 980 4392 1,
1002 4321 1058 4397 36).
1079 4353 1119 4408 -5
1137 4322 1256 4381 Tamen
1278 4324 1416 4382 immunis

159 4439 184 4481 c.
206 4423 264 4481 abl.
287 4437 313 4492 2,
335 4437 380 4497 35,
404 4437 434 4492 2;
457 4439 482 4493 2,
505 4422 553 4497 46,
577 4439 608 4494 2;
631 4439 656 4493 2,
681 4439 736 4499 115,
760 4440 776 4482 2
798 4424 871 4498 (Liv.
895 4441 918 4494 1,
940 4441 987 4499 43,
1010 4423 1047 4499 8).
1075 4454 1115 4464 -
1146 4424 1285 4483 immunis
1308 4425 1346 4482 ab
1369 4443 1416 4482 ar-
1489 4437 1493 4444 ’
