3268 5016
743 300 953 357 -44-

219 468 407 537 effervescat;
426 487 478 545 per
500 469 721 528 translationem
739 471 857 546 ponitur
879 471 917 530 de
938 471 1023 540 bello,
1047 471 1126 548 quod
1144 464 1232 532 maris
1253 451 1345 532 instar
1367 475 1474 534 sensim

207 565 409 631 'clandestinis
432 570 559 630 motibus
582 579 611 628 et
633 571 758 631 consiliis
777 589 937 646 exsurgens
959 573 1056 632 subito
1074 573 1228 634 occasione
1251 574 1321 634 data
1343 576 1473 646 exardet.

221 672 297 748 Vell.
320 689 344 743 2,
370 689 408 749 15,
434 689 459 731 1:
487 690 567 756 mors
589 672 678 732 Drusi
698 674 759 750 Jam
782 673 897 750 pridem
925 682 1092 735 tumescens
1121 675 1231 734 bellum
1253 676 1391 736 excitavit
1413 677 1474 738 Ita·

219 774 317 834 licum.
353 775 398 835 Cf.
423 777 512 850 Verg.
536 792 638 850 georg.
663 791 684 844 1,
708 774 778 851 465:
801 793 891 852 saepe
912 783 1013 836 monet
1036 775 1229 853 fraudemque
1250 785 1280 836 et
1302 786 1405 854 operta
1427 787 1473 838 tu·

217 894 352 936 messere
374 876 461 936 bella.
485 908 524 918 —

308 995 376 1054 Non
399 996 480 1055 nulla
507 997 632 1072 denique
658 998 760 1066 verba,
783 1015 860 1074 quae
884 999 947 1075 jam
973 998 1052 1074 apud
1075 999 1237 1074 superiores
1264 1000 1418 1076 scriptores
1444 1001 1473 1060 in

218 1099 320 1176 primis
348 1098 427 1177 apud
450 1098 616 1158 Sallustium
644 1106 673 1158 et
695 1099 809 1158 Livium
835 1100 939 1170 iisdem
966 1101 1238 1176 significationibus,
1267 1102 1371 1178 quibus
1394 1102 1472 1177 apud

124 1187 125 1192 ¹
222 1201 369 1278 Vellejum
392 1201 587 1271 inveniuntur,
615 1201 668 1260 sed
686 1201 765 1278 apud
791 1195 856 1260 illos
879 1203 1033 1278 scriptores
1055 1203 1166 1262 rariora
1188 1211 1268 1272 sunt,
1291 1221 1351 1263 non
1373 1205 1473 1279 putavi

220 1303 348 1361 alienum
367 1321 431 1362 esse
454 1304 566 1362 afferre.
609 1303 685 1362 Cum
708 1321 776 1362 vero
799 1304 860 1381 ejus
881 1305 996 1378 generis
1022 1305 1111 1364 verba
1138 1305 1217 1381 apud
1239 1291 1384 1383 Vellejum
1407 1323 1472 1382 per·

216 1405 317 1463 multa
335 1406 404 1492 sint,
433 1422 553 1464 necesse
575 1405 629 1464 suit
648 1404 756 1482 judicio
779 1405 908 1480 quodam
930 1406 959 1463 in
986 1406 1019 1464 iis
1041 1406 1198 1466 afferendis
1223 1407 1266 1465 nti
1292 1407 1472 1484 modumque

220 1513 330 1576 tenere,
354 1506 434 1584 quod
456 1525 527 1565 num
549 1523 665 1583 semper
686 1506 757 1565 mihi
775 1507 937 1582 contigerit,
961 1506 1009 1566 alii
1029 1507 1166 1585 judicent.

304 1628 423 1686 Abolere
444 1626 462 1684 i.
485 1643 507 1685 s.
530 1645 559 1702 q.
574 1629 689 1696 follere,
717 1629 916 1702 exstinguere,
938 1615 1029 1684 delere
1050 1643 1076 1698 2,
1098 1626 1142 1703 58,
1166 1644 1195 1686 2:
1222 1645 1290 1685 cum
1312 1628 1471 1686 censuisset

216 1725 338 1787 Cassius
360 1735 568 1788 testamentum
590 1726 725 1787 Caesaris
747 1727 927 1787 abolendum
948 1725 1057 1804 (Verg,
1081 1729 1152 1799 Liv.,
1174 1725 1301 1807 postes).

305 1846 455 1905 Abrcr'dere
480 1865 533 1923 per
559 1846 781 1905 translationem
809 1846 912 1906 dicitur
939 1866 992 1923 pro
1018 1848 1143 1926 auferre
1168 1865 1193 1920 2,
1222 1847 1270 1920 66,
1298 1850 1340 1907 2:'
1355 1849 1470 1908 abscisa

217 1950 333 2010 scelere
355 1949 466 2008 Antoni
486 1967 543 2007 vox
565 1949 681 2026 publica
704 1945 785 2026 (Liv,
810 1945 901 2023 Tac).

305 2071 470 2128 Adhaerere
498 2069 574 2128 alcui
596 2069 738 2128 translate
756 2068 858 2128 dicitur
880 2087 934 2145 pro
956 2071 1134 2147 constancium
1157 2089 1305 2128 esserum
1324 2071 1401 2146 olqo,
1429 2089 1473 2128 co-

216 2173 328 2229 mitari
348 2174 437 2247 alqm,
469 2189 529 2248 quo
557 2189 645 2231 sensu
668 2172 804 2246 frequens
830 2179 874 2230 est
900 2171 1023 2247 simplex
1049 2171 1171 2228 verbum
1193 2170 1313 2230 haerere
1342 2189 1362 2240 1,
1385 2189 1412 2248 q,
1437 2170 1470 2230 6:

221 2272 331 2330 invidia
354 2273 500 2333 altissimis
531 2273 680 2332 adhaeret.
725 2271 769 2331 Cf.
792 2272 854 2331 Liv.
877 2290 920 2347 41,
948 2289 994 2342 20,
1014 2289 1042 2331 2:
1079 2273 1149 2331 nulli
1173 2273 1308 2332 fortunae
1330 2274 1473 2333 adhaere·

212 2375 275 2432 ‘bat
297 2367 425 2452 animus,
447 2375 518 2434 Plin.
541 2373 569 2433 h.
592 2394 621 2433 n.
645 2390 689 2446 10,
708 2391 741 2433 22
763 2372 826 2452 (26),
848 2389 893 2450 51:
917 2394 1002 2434 anser
1020 2392 1119 2434 comes
1141 2385 1281 2452 perpetuo
1304 2375 1472 2438 adhaesisse

219 2475 331 2552 Lacydi
349 2477 522 2553 philosopho
545 2477 657 2536 dicitur.

306 2591 473 2652 Adolescere
492 2595 554 2672 jam
572 2594 640 2652 inde
662 2611 681 2651 a
699 2592 834 2653 Sallustio
856 2601 887 2652 et
907 2593 990 2678 Livio
1015 2595 1130 2671 saepius
1157 2595 1299 2655 translata
1327 2595 1472 2672 significa·

216 2695 300 2754 tione
318 2705 475 2772 usurpatur
497 2712 522 2767 2,
547 2712 605 2766 110,
625 2713 654 2754 2:
677 2696 830 2754 Pannonia
855 2696 983 2763 insolens
1005 2696 1114 2771 longae
1132 2698 1212 2773 pacis
1235 2705 1265 2756 et
1286 2697 1387 2757 adulta
1408 2699 1474 2756 viri·

177 2873 179 2879 γ
219 2798 274 2855 bus
301 2793 348 2873 (cf.
371 2797 505 2856 Boettich.
528 2797 610 2856 lexic.
632 2795 727 2856 Tacit.
750 2815 778 2872 p.
801 2793 855 2870 42).

306 2916 459 2975 Adornore
481 2917 623 2978 translate
643 2917 760 2992 ponitur
781 2932 855 2987 2,.2,
878 2932 907 3000 .²²
934 2917 1023 2976 tantis
1046 2917 1204 2977 adornatus
1227 2918 1377 2978 virtutibus
1399 2917 1469 2994 (Liv.

217 3017 263 3089 28,
290 3035 334 3093 42,
358 3035 389 3094 53
412 3016 522 3091 Quint,
541 3018 624 3089 Tac,
647 3017 719 3076 Plin.
741 3017 806 3095 ep).

304 3122 446 3198 Affecfare
468 3140 521 3198 pro
544 3122 602 3180 sibi
620 3122 771 3206 conciliare
797 3123 908 3179 studere
930 3121 1047 3197 ponitur
1064 3136 1088 3190 2,
1112 3136 1205 3197 39,1:
1227 3120 1341 3180 Gallias
1359 3139 1470 3197 magna

216 3225 304 3284 clade
327 3234 427 3285 nostra
453 3243 542 3301 saepe
569 3233 598 3283 et
624 3223 825 3282 affectavimus
852 3229 881 3282 et
903 3223 1053 3282 omisimus
1078 3220 1157 3297 (Sall.
1180 3223 1246 3301 Jug.
1271 3221 1318 3294 66,
1343 3237 1369 3293 1;
1396 3223 1471 3282 Tac.

216 3325 282 3384 hist.
309 3342 336 3398 4,
361 3325 419 3403 66).
455 3373 457 3378 .

303 3428 398 3504 Agere
415 3428 567 3487 consulem
584 3444 609 3498 2,
628 3443 673 3503 92,
692 3442 720 3495 2;
740 3444 830 3502 agere
848 3427 998 3486 aemulum
1019 3443 1045 3497 2,
1069 3442 1133 3502 109,
1152 3443 1167 3484 2
1174 3442 1182 3496 ;
1200 3427 1296 3503 potius
1315 3427 1470 3504 aequalem

215 3533 312 3589 civem
334 3549 424 3606 quarn
447 3531 623 3608 eminentem
650 3530 812 3606 principem
840 3547 929 3605 agere
956 3546 981 3599 2,
1007 3545 1066 3603 124,
1090 3543 1119 3598 2;
1145 3530 1254 3594 locutio
1276 3547 1337 3587 non
1357 3530 1471 3605 optima

218 3632 338 3708 quidem
361 3631 419 3703 illa,
442 3633 495 3692 sed
518 3633 589 3710 Jam.
607 3632 675 3690 inde
701 3649 720 3690 a
742 3631 823 3690 Livio
850 3649 905 3689 usu
931 3638 1050 3708 recepta
1072 3640 1116 3692 est
1137 3650 1191 3708 pro
1217 3649 1262 3701 e0,
1290 3630 1370 3708 quod
1391 3631 1470 3708 apud

217 3733 392 3794 Ciceronem
415 3733 532 3794 dicitur:
555 3742 653 3811 partes
675 3734 745 3811 alcjs
768 3751 866 3808 agere,
890 3733 1019 3809 speciem
1045 3733 1115 3811 alcjs
1141 3751 1213 3808 prae
1238 3751 1269 3792 se
1296 3732 1379 3793 ferre.
1421 3732 1469 3793 Cf.

216 3837 480 3914 Krebs·Allgayer,
490 3836 645 3896 Antibarb.
658 3837 704 3896 ed.
715 3838 751 3894 V.
766 3855 794 3912 p.
811 3851 875 3912 109.
898 3837 996 3917 Agere
1010 3836 1139 3906 exulem,
1154 3835 1234 3912 quod
1244 3835 1418 3913 Allgayerus
1432 3855 1469 3896 ex

216 3940 331 4018 Vellejo
354 3938 447 4009 affert,
471 3938 550 4015 apud
573 3939 655 3996 illum
678 3950 739 3996 non
759 3939 911 3996 invenitur.
935 3968 974 3978 -
993 3938 1091 4012 Agere
1109 3937 1239 4022 medium
1257 3946 1397 4014 sequente
1415 3939 1469 3998 du-

213 4043 282 4118 plici
304 4042 434 4117 genitivo
458 4057 484 4111 2,
509 4057 566 4114 114,
589 4056 620 4114 3:
643 4040 811 4116 agebatque
832 4039 962 4098 medium
983 4040 1109 4116 plurima
1132 4039 1347 4120 dissimulantis,
1369 4041 1468 4117 aliqua

213 4145 379 4203 inhibentis.
402 4145 558 4219 -Agere
579 4145 655 4218 alqm
673 4161 753 4200 reum
776 4161 830 4219 pro
848 4159 893 4211 eo,
917 4140 996 4217 quod
1018 4140 1097 4218 apud
1115 4128 1288 4201 Ciceronem
1310 4150 1353 4201 est
1372 4142 1468 4201 facere

213 4249 297 4324 alqm
319 4265 402 4305 reum
425 4263 449 4317 2,
468 4262 515 4323 45,
536 4262 560 4304 1:
584 4255 666 4304 actus
683 4245 787 4304 incesti
805 4262 880 4304 reus
916 4243 963 4302 Cf.
982 4242 1066 4303 Ovid.
1084 4252 1154 4302 met.
1173 4259 1213 4319 15,
1231 4241 1282 4317 36:
1304 4252 1468 4320 spretarum

213 4351 314 4424 agitur
339 4350 440 4425 legum
462 4364 543 4419 reus;
574 4348 635 4406 Liv.
659 4363 704 4422 45,
732 4361 776 4422 37,
803 4345 835 4405 8:
866 4345 945 4423 apud
967 4347 1134 4406 contionem
1161 4347 1240 4421 prius
1262 4363 1328 4404 reus
1351 4355 1466 4422 agatur,

212 4451 253 4512 cf.
276 4450 437 4510 Weissenb.
464 4449 503 4509 ad
530 4450 591 4508 Liv.
617 4465 666 4523 24,
694 4465 740 4525 25,
770 4466 792 4508 1.
818 4479 855 4491 -
884 4446 974 4521 Quod
993 4425 1176 4524 participium
1199 4450 1301 4517 ,actus‘
1323 4466 1342 4506 a
1368 4449 1466 4508 multis
