<?xml version="1.0" encoding="UTF-8"?>
<!DOCTYPE html PUBLIC "-//W3C//DTD XHTML 1.0 Transitional//EN"
    "http://www.w3.org/TR/xhtml1/DTD/xhtml1-transitional.dtd">
<html xmlns="http://www.w3.org/1999/xhtml" xml:lang="en" lang="en">
 <head>
  <title>
</title>
<meta http-equiv="Content-Type" content="text/html;charset=utf-8" />
  <meta name='ocr-system' content='tesseract 3.04.00' />
  <meta name='ocr-capabilities' content='ocr_page ocr_carea ocr_par ocr_line ocrx_word'/>
</head>
<body>
  <div class='ocr_page' id='page_1' title='image "./deelocutionemve02georgoog_0049.png"; bbox 0 0 3268 5016; ppageno 0'>
   <div class='ocr_carea' id='block_1_1' title="bbox 787 309 992 386">
    <p class='ocr_par' dir='ltr' id='par_1_1' title="bbox 787 309 992 386">
     <span class='ocr_line' id='line_1_1' title="bbox 787 309 992 386; baseline 0 -32"><span class='ocrx_word' id='word_1_1' title='bbox 787 309 992 386; x_wconf 50' lang='lat'>*38-</span> 
     </span>
    </p>
   </div>
   <div class='ocr_carea' id='block_1_2' title="bbox 201 497 1618 4553">
    <p class='ocr_par' dir='ltr' id='par_1_2' title="bbox 265 497 1527 678">
     <span class='ocr_line' id='line_1_2' title="bbox 265 497 1527 580; baseline -0.004 -19"><span class='ocrx_word' id='word_1_2' title='bbox 265 501 398 580; x_wconf 85' lang='lat' dir='ltr'>jungitur</span> <span class='ocrx_word' id='word_1_3' title='bbox 417 516 441 572; x_wconf 89' lang='lat'>2,</span> <span class='ocrx_word' id='word_1_4' title='bbox 464 516 511 572; x_wconf 92' lang='grc' dir='ltr'>2ο,</span> <span class='ocrx_word' id='word_1_5' title='bbox 534 516 563 558; x_wconf 90' lang='lat'>2:</span> <span class='ocrx_word' id='word_1_6' title='bbox 587 498 683 560; x_wconf 88' lang='lat' dir='ltr'>Cinna</span> <span class='ocrx_word' id='word_1_7' title='bbox 704 500 734 558; x_wconf 89' lang='lat' dir='ltr'>in</span> <span class='ocrx_word' id='word_1_8' title='bbox 757 499 893 559; x_wconf 89' lang='lat' dir='ltr'>omnibus</span> <span class='ocrx_word' id='word_1_9' title='bbox 915 501 1046 559; x_wconf 84' lang='lat' dir='ltr'>tribubus</span> <span class='ocrx_word' id='word_1_10' title='bbox 1067 518 1099 560; x_wconf 89' lang='lat' dir='ltr'>se</span> <span class='ocrx_word' id='word_1_11' title='bbox 1120 517 1170 560; x_wconf 91' lang='lat' dir='ltr'>eos</span> <span class='ocrx_word' id='word_1_12' title='bbox 1193 499 1412 558; x_wconf 78' lang='lat' dir='ltr'>distributurum</span> <span class='ocrx_word' id='word_1_13' title='bbox 1434 497 1527 574; x_wconf 77' lang='lat' dir='ltr'>polli-&#39;</span> 
     </span>
     <span class='ocr_line' id='line_1_3' title="bbox 268 601 1368 678; baseline -0.003 -16"><span class='ocrx_word' id='word_1_14' title='bbox 268 604 341 662; x_wconf 92' lang='lat' dir='ltr'>citus</span> <span class='ocrx_word' id='word_1_15' title='bbox 363 610 416 662; x_wconf 88' lang='lat' dir='ltr'>est.</span> <span class='ocrx_word' id='word_1_16' title='bbox 455 601 502 662; x_wconf 88' lang='lat' dir='ltr'>De</span> <span class='ocrx_word' id='word_1_17' title='bbox 524 601 582 662; x_wconf 91' lang='lat' dir='ltr'>hac</span> <span class='ocrx_word' id='word_1_18' title='bbox 604 608 751 662; x_wconf 85' lang='lat' dir='ltr'>structura</span> <span class='ocrx_word' id='word_1_19' title='bbox 775 601 856 678; x_wconf 90' lang='lat' dir='ltr'>apud</span> <span class='ocrx_word' id='word_1_20' title='bbox 874 619 977 660; x_wconf 88' lang='lat' dir='ltr'>omnes</span> <span class='ocrx_word' id='word_1_21' title='bbox 999 601 1222 678; x_wconf 88' lang='lat' dir='ltr'>lexicographos</span> <span class='ocrx_word' id='word_1_22' title='bbox 1245 608 1368 660; x_wconf 89' lang='lat' dir='ltr'>tacetur.</span> 
     </span>
    </p>

    <p class='ocr_par' dir='ltr' id='par_1_3' title="bbox 267 703 1525 883">
     <span class='ocr_line' id='line_1_4' title="bbox 352 703 1520 781; baseline -0.002 -19"><span class='ocrx_word' id='word_1_23' title='bbox 352 703 496 774; x_wconf 86' lang='lat' dir='ltr'>Erudr&#39;re‚</span> <span class='ocrx_word' id='word_1_24' title='bbox 518 703 598 781; x_wconf 93' lang='lat' dir='ltr'>quod</span> <span class='ocrx_word' id='word_1_25' title='bbox 620 703 699 781; x_wconf 93' lang='lat' dir='ltr'>apud</span> <span class='ocrx_word' id='word_1_26' title='bbox 721 704 848 781; x_wconf 88' lang='lat' dir='ltr'>optimos</span> <span class='ocrx_word' id='word_1_27' title='bbox 875 705 1029 781; x_wconf 86' lang='lat' dir='ltr'>scriptores</span> <span class='ocrx_word' id='word_1_28' title='bbox 1051 712 1165 764; x_wconf 89' lang='lat' dir='ltr'>tantum</span> <span class='ocrx_word' id='word_1_29' title='bbox 1192 703 1229 762; x_wconf 92' lang='lat' dir='ltr'>de</span> <span class='ocrx_word' id='word_1_30' title='bbox 1251 703 1382 779; x_wconf 87' lang='lat' dir='ltr'>personis</span> <span class='ocrx_word' id='word_1_31' title='bbox 1405 703 1520 778; x_wconf 83' lang='lat' dir='ltr'>dicitur,</span> 
     </span>
     <span class='ocr_line' id='line_1_5' title="bbox 267 801 1525 883; baseline -0.002 -18"><span class='ocrx_word' id='word_1_32' title='bbox 267 815 427 882; x_wconf 88' lang='lat' dir='ltr'>praeeunte</span> <span class='ocrx_word' id='word_1_33' title='bbox 450 805 556 868; x_wconf 91' lang='lat' dir='ltr'>Ovidio</span> <span class='ocrx_word' id='word_1_34' title='bbox 577 803 645 881; x_wconf 81' lang='lat' dir='ltr'>(am.</span> <span class='ocrx_word' id='word_1_35' title='bbox 665 823 687 878; x_wconf 90' lang='lat'>1,</span> <span class='ocrx_word' id='word_1_36' title='bbox 708 824 750 882; x_wconf 85' lang='lat'>14,</span> <span class='ocrx_word' id='word_1_37' title='bbox 769 823 822 883; x_wconf 84' lang='lat'>30:</span> <span class='ocrx_word' id='word_1_38' title='bbox 840 807 922 866; x_wconf 89' lang='lat' dir='ltr'>erud.</span> <span class='ocrx_word' id='word_1_39' title='bbox 941 821 1025 877; x_wconf 91' lang='lat' dir='ltr'>acus;</span> <span class='ocrx_word' id='word_1_40' title='bbox 1044 825 1115 866; x_wconf 89' lang='lat' dir='ltr'>rem.</span> <span class='ocrx_word' id='word_1_41' title='bbox 1133 824 1191 864; x_wconf 90' lang='lat' dir='ltr'>am.</span> <span class='ocrx_word' id='word_1_42' title='bbox 1211 804 1285 881; x_wconf 80' lang='grc' dir='ltr'>69οε</span> <span class='ocrx_word' id='word_1_43' title='bbox 1308 803 1388 864; x_wconf 90' lang='lat' dir='ltr'>erud.</span> <span class='ocrx_word' id='word_1_44' title='bbox 1406 801 1525 879; x_wconf 82' lang='lat' dir='ltr'>oculos)</span> 
     </span>
    </p>

    <p class='ocr_par' dir='ltr' id='par_1_4' title="bbox 201 901 1523 1188">
     <span class='ocr_line' id='line_1_6' title="bbox 201 901 1520 990; baseline -0.002 -24"><span class='ocrx_word' id='word_1_45' title='bbox 201 901 205 942; x_wconf 61' lang='grc' dir='ltr'>ἶ</span> <span class='ocrx_word' id='word_1_46' title='bbox 267 907 439 968; x_wconf 79' lang='lat' dir='ltr'>transfertur</span> <span class='ocrx_word' id='word_1_47' title='bbox 461 907 500 968; x_wconf 93' lang='lat' dir='ltr'>ad</span> <span class='ocrx_word' id='word_1_48' title='bbox 522 927 568 990; x_wconf 88' lang='lat' dir='ltr'>res</span> <span class='ocrx_word' id='word_1_49' title='bbox 591 926 615 978; x_wconf 91' lang='grc'>2,</span> <span class='ocrx_word' id='word_1_50' title='bbox 638 925 684 985; x_wconf 98' lang='grc'>59,</span> <span class='ocrx_word' id='word_1_51' title='bbox 707 926 740 984; x_wconf 89' lang='lat'>4:</span> <span class='ocrx_word' id='word_1_52' title='bbox 763 909 802 969; x_wconf 87' lang='lat' dir='ltr'>ad</span> <span class='ocrx_word' id='word_1_53' title='bbox 824 908 1016 970; x_wconf 89' lang='lat' dir='ltr'>erudiendam</span> <span class='ocrx_word' id='word_1_54' title='bbox 1039 908 1207 968; x_wconf 85' lang='lat' dir='ltr'>liberalibus</span> <span class='ocrx_word' id='word_1_55' title='bbox 1234 901 1390 982; x_wconf 85' lang='lat' dir='ltr'>disciplinis</span> <span class='ocrx_word' id='word_1_56' title='bbox 1418 906 1520 980; x_wconf 86' lang='lat' dir='ltr'>singu·</span> 
     </span>
     <span class='ocr_line' id='line_1_7' title="bbox 267 1006 1523 1088; baseline -0.003 -19"><span class='ocrx_word' id='word_1_57' title='bbox 267 1010 334 1070; x_wconf 86' lang='lat' dir='ltr'>laris</span> <span class='ocrx_word' id='word_1_58' title='bbox 356 1010 485 1069; x_wconf 87' lang='lat' dir='ltr'>indolem</span> <span class='ocrx_word' id='word_1_59' title='bbox 504 1011 618 1088; x_wconf 87' lang='lat' dir='ltr'>juvenis</span> <span class='ocrx_word' id='word_1_60' title='bbox 639 1011 828 1088; x_wconf 89' lang='lat' dir='ltr'>Apolloniam</span> <span class='ocrx_word' id='word_1_61' title='bbox 850 1012 970 1070; x_wconf 91' lang='lat' dir='ltr'>eumin</span> <span class='ocrx_word' id='word_1_62' title='bbox 992 1010 1088 1071; x_wconf 92' lang='lat' dir='ltr'>studia</span> <span class='ocrx_word' id='word_1_63' title='bbox 1110 1011 1238 1070; x_wconf 88' lang='lat' dir='ltr'>miserat.</span> <span class='ocrx_word' id='word_1_64' title='bbox 1277 1007 1322 1068; x_wconf 85' lang='lat' dir='ltr'>Cs.</span> <span class='ocrx_word' id='word_1_65' title='bbox 1341 1006 1413 1067; x_wconf 90' lang='lat' dir='ltr'>Plin.</span> <span class='ocrx_word' id='word_1_66' title='bbox 1437 1007 1466 1066; x_wconf 95' lang='lat' dir='ltr'>h.</span> <span class='ocrx_word' id='word_1_67' title='bbox 1489 1027 1523 1066; x_wconf 86' lang='lat' dir='ltr'>n.</span> 
     </span>
     <span class='ocr_line' id='line_1_8' title="bbox 272 1109 1425 1188; baseline -0.018 0"><span class='ocrx_word' id='word_1_68' title='bbox 272 1129 319 1188; x_wconf 81' lang='lat'>34,</span> <span class='ocrx_word' id='word_1_69' title='bbox 343 1110 360 1169; x_wconf 90' lang='grc'>8</span> <span class='ocrx_word' id='word_1_70' title='bbox 383 1109 445 1188; x_wconf 81' lang='lat' dir='ltr'>(rol,</span> <span class='ocrx_word' id='word_1_71' title='bbox 469 1111 520 1188; x_wconf 86' lang='lat'>56:</span> <span class='ocrx_word' id='word_1_72' title='bbox 543 1113 704 1174; x_wconf 87' lang='lat' dir='ltr'>toreuticen</span> <span class='ocrx_word' id='word_1_73' title='bbox 726 1113 806 1172; x_wconf 91' lang='lat' dir='ltr'>erud.</span> <span class='ocrx_word' id='word_1_74' title='bbox 829 1145 869 1155; x_wconf 93' lang='lat'><em>-</em></span> <span class='ocrx_word' id='word_1_75' title='bbox 891 1112 970 1173; x_wconf 85' lang='lat' dir='ltr'>Flor.</span> <span class='ocrx_word' id='word_1_76' title='bbox 994 1130 1016 1183; x_wconf 91' lang='lat'>1,</span> <span class='ocrx_word' id='word_1_77' title='bbox 1040 1111 1068 1184; x_wconf 94' lang='grc'>6,</span> <span class='ocrx_word' id='word_1_78' title='bbox 1092 1129 1117 1171; x_wconf 92' lang='lat' dir='ltr'>r:</span> <span class='ocrx_word' id='word_1_79' title='bbox 1140 1112 1267 1170; x_wconf 87' lang='lat' dir='ltr'>educare</span> <span class='ocrx_word' id='word_1_80' title='bbox 1288 1109 1425 1168; x_wconf 89' lang='lat' dir='ltr'>indolem.</span> 
     </span>
    </p>

    <p class='ocr_par' dir='ltr' id='par_1_5' title="bbox 269 1212 1526 2204">
     <span class='ocr_line' id='line_1_9' title="bbox 353 1212 1523 1291; baseline -0.002 -19"><span class='ocrx_word' id='word_1_81' title='bbox 353 1213 449 1274; x_wconf 79' lang='lat' dir='ltr'>Erebi</span> <span class='ocrx_word' id='word_1_82' title='bbox 476 1215 506 1273; x_wconf 93' lang='lat' dir='ltr'>in</span> <span class='ocrx_word' id='word_1_83' title='bbox 533 1213 612 1291; x_wconf 94' lang='lat' dir='ltr'>alqm</span> <span class='ocrx_word' id='word_1_84' title='bbox 639 1214 765 1291; x_wconf 88' lang='lat' dir='ltr'>gr&#39;adum</span> <span class='ocrx_word' id='word_1_85' title='bbox 794 1215 910 1274; x_wconf 90' lang='lat' dir='ltr'>honoris</span> <span class='ocrx_word' id='word_1_86' title='bbox 940 1215 1019 1274; x_wconf 91' lang='lat' dir='ltr'>haud</span> <span class='ocrx_word' id='word_1_87' title='bbox 1046 1232 1116 1277; x_wconf 90' lang='lat' dir='ltr'>raro</span> <span class='ocrx_word' id='word_1_88' title='bbox 1143 1232 1162 1273; x_wconf 99' lang='lat' dir='ltr'>a</span> <span class='ocrx_word' id='word_1_89' title='bbox 1189 1213 1302 1291; x_wconf 89' lang='lat' dir='ltr'>Vellejo</span> <span class='ocrx_word' id='word_1_90' title='bbox 1329 1212 1433 1271; x_wconf 88' lang='lat' dir='ltr'>dicitur</span> <span class='ocrx_word' id='word_1_91' title='bbox 1464 1230 1523 1288; x_wconf 92' lang='lat' dir='ltr'>pro</span> 
     </span>
     <span class='ocr_line' id='line_1_10' title="bbox 270 1310 1526 1394; baseline -0.001 -21"><span class='ocrx_word' id='word_1_92' title='bbox 270 1320 417 1375; x_wconf 87' lang='lat' dir='ltr'>ascendere</span> <span class='ocrx_word' id='word_1_93' title='bbox 439 1310 648 1394; x_wconf 85' lang='lat' dir='ltr'>praeeuntibus</span> <span class='ocrx_word' id='word_1_94' title='bbox 670 1317 797 1377; x_wconf 90' lang='lat' dir='ltr'>Horatio</span> <span class='ocrx_word' id='word_1_95' title='bbox 819 1325 849 1378; x_wconf 88' lang='lat' dir='ltr'>et</span> <span class='ocrx_word' id='word_1_96' title='bbox 872 1316 1003 1394; x_wconf 89' lang='lat' dir='ltr'>Vergilio</span> <span class='ocrx_word' id='word_1_97' title='bbox 1020 1317 1048 1388; x_wconf 94' lang='grc'>2,’</span> <span class='ocrx_word' id='word_1_98' title='bbox 1064 1332 1091 1388; x_wconf 87' lang='grc'>4,</span> <span class='ocrx_word' id='word_1_99' title='bbox 1111 1331 1141 1391; x_wconf 92' lang='lat'>7:</span> <span class='ocrx_word' id='word_1_100' title='bbox 1163 1316 1192 1374; x_wconf 91' lang='lat' dir='ltr'>in</span> <span class='ocrx_word' id='word_1_101' title='bbox 1210 1332 1298 1392; x_wconf 92' lang='lat' dir='ltr'>quem</span> <span class='ocrx_word' id='word_1_102' title='bbox 1315 1311 1526 1390; x_wconf 72' lang='lat' dir='ltr'>(consulatum)</span> 
     </span>
     <span class='ocr_line' id='line_1_11' title="bbox 271 1417 1522 1496; baseline 0.001 -22"><span class='ocrx_word' id='word_1_103' title='bbox 271 1425 387 1476; x_wconf 90' lang='lat' dir='ltr'>evectus</span> <span class='ocrx_word' id='word_1_104' title='bbox 413 1427 469 1490; x_wconf 86' lang='lat' dir='ltr'>est;</span> <span class='ocrx_word' id='word_1_105' title='bbox 498 1434 523 1490; x_wconf 90' lang='lat'>2,</span> <span class='ocrx_word' id='word_1_106' title='bbox 552 1435 601 1494; x_wconf 83' lang='lat'>30,</span> <span class='ocrx_word' id='word_1_107' title='bbox 628 1436 660 1494; x_wconf 85' lang='lat'>3:</span> <span class='ocrx_word' id='word_1_108' title='bbox 681 1420 711 1478; x_wconf 93' lang='lat' dir='ltr'>in</span> <span class='ocrx_word' id='word_1_109' title='bbox 734 1438 882 1479; x_wconf 89' lang='lat' dir='ltr'>summum</span> <span class='ocrx_word' id='word_1_110' title='bbox 909 1419 1057 1496; x_wconf 80' lang='lat' dir='ltr'>fastigium</span> <span class='ocrx_word' id='word_1_111' title='bbox 1083 1417 1187 1494; x_wconf 86' lang='lat' dir='ltr'>(suppl.</span> <span class='ocrx_word' id='word_1_112' title='bbox 1210 1418 1354 1476; x_wconf 88' lang='lat' dir='ltr'>honorum</span> <span class='ocrx_word' id='word_1_113' title='bbox 1377 1424 1407 1476; x_wconf 89' lang='lat' dir='ltr'>et</span> <span class='ocrx_word' id='word_1_114' title='bbox 1428 1417 1522 1493; x_wconf 89' lang='lat' dir='ltr'>impe·</span> 
     </span>
     <span class='ocr_line' id='line_1_12' title="bbox 270 1500 1519 1596; baseline 0.002 -21"><span class='ocrx_word' id='word_1_115' title='bbox 270 1514 389 1592; x_wconf 88' lang='lat' dir='ltr'>riorum)</span> <span class='ocrx_word' id='word_1_116' title='bbox 411 1528 545 1580; x_wconf 90' lang='lat' dir='ltr'>evectum</span> <span class='ocrx_word' id='word_1_117' title='bbox 568 1517 682 1594; x_wconf 87' lang='lat' dir='ltr'>(eadem</span> <span class='ocrx_word' id='word_1_118' title='bbox 706 1521 814 1582; x_wconf 90' lang='lat' dir='ltr'>locutio</span> <span class='ocrx_word' id='word_1_119' title='bbox 835 1537 860 1591; x_wconf 89' lang='lat'>2,</span> <span class='ocrx_word' id='word_1_120' title='bbox 882 1519 927 1596; x_wconf 85' lang='lat'>56,</span> <span class='ocrx_word' id='word_1_121' title='bbox 952 1534 982 1596; x_wconf 81' lang='lat'>33</span> <span class='ocrx_word' id='word_1_122' title='bbox 1006 1500 1113 1591; x_wconf 38' lang='lat'>2,&#39;1.16,</span> <span class='ocrx_word' id='word_1_123' title='bbox 1136 1517 1177 1595; x_wconf 86' lang='lat'>4);</span> <span class='ocrx_word' id='word_1_124' title='bbox 1200 1535 1225 1587; x_wconf 92' lang='lat'>2,</span> <span class='ocrx_word' id='word_1_125' title='bbox 1248 1534 1292 1595; x_wconf 84' lang='grc'>55,</span> <span class='ocrx_word' id='word_1_126' title='bbox 1315 1533 1346 1592; x_wconf 85' lang='grc'>5;</span> <span class='ocrx_word' id='word_1_127' title='bbox 1368 1518 1420 1577; x_wconf 86' lang='lat' dir='ltr'>viri</span> <span class='ocrx_word' id='word_1_128' title='bbox 1442 1519 1472 1576; x_wconf 93' lang='lat' dir='ltr'>in</span> <span class='ocrx_word' id='word_1_129' title='bbox 1491 1517 1519 1576; x_wconf 91' lang='lat' dir='ltr'>id</span> 
     </span>
     <span class='ocr_line' id='line_1_13' title="bbox 269 1615 1522 1699; baseline 0.004 -25"><span class='ocrx_word' id='word_1_130' title='bbox 269 1620 370 1690; x_wconf 86' lang='lat' dir='ltr'>evecti,</span> <span class='ocrx_word' id='word_1_131' title='bbox 404 1639 490 1698; x_wconf 90' lang='lat' dir='ltr'>super</span> <span class='ocrx_word' id='word_1_132' title='bbox 518 1622 596 1698; x_wconf 92' lang='lat' dir='ltr'>quod</span> <span class='ocrx_word' id='word_1_133' title='bbox 626 1622 744 1682; x_wconf 88' lang='lat' dir='ltr'>ascendi</span> <span class='ocrx_word' id='word_1_134' title='bbox 771 1640 831 1681; x_wconf 90' lang='lat' dir='ltr'>non</span> <span class='ocrx_word' id='word_1_135' title='bbox 857 1629 966 1699; x_wconf 90' lang='lat' dir='ltr'>potest;</span> <span class='ocrx_word' id='word_1_136' title='bbox 993 1639 1018 1692; x_wconf 92' lang='grc'>2,</span> <span class='ocrx_word' id='word_1_137' title='bbox 1043 1635 1099 1696; x_wconf 89' lang='lat'>127,</span> <span class='ocrx_word' id='word_1_138' title='bbox 1124 1639 1151 1680; x_wconf 80' lang='lat' dir='ltr'>u:</span> <span class='ocrx_word' id='word_1_139' title='bbox 1182 1621 1220 1680; x_wconf 92' lang='lat' dir='ltr'>ad</span> <span class='ocrx_word' id='word_1_140' title='bbox 1248 1615 1422 1696; x_wconf 82' lang='lat' dir='ltr'>multiplices</span> <span class='ocrx_word' id='word_1_141' title='bbox 1448 1638 1522 1679; x_wconf 85' lang='lat' dir='ltr'>con·</span> 
     </span>
     <span class='ocr_line' id='line_1_14' title="bbox 270 1719 1514 1802; baseline 0.001 -23"><span class='ocrx_word' id='word_1_142' title='bbox 270 1721 381 1782; x_wconf 88' lang='lat' dir='ltr'>sulatus</span> <span class='ocrx_word' id='word_1_143' title='bbox 412 1719 632 1802; x_wconf 88' lang='lat' dir='ltr'>triumphosque</span> <span class='ocrx_word' id='word_1_144' title='bbox 664 1725 754 1784; x_wconf 88' lang='lat' dir='ltr'>evehi.</span> <span class='ocrx_word' id='word_1_145' title='bbox 802 1727 906 1785; x_wconf 85' lang='lat' dir='ltr'>Activa</span> <span class='ocrx_word' id='word_1_146' title='bbox 932 1725 1027 1783; x_wconf 81' lang='lat' dir='ltr'>forma</span> <span class='ocrx_word' id='word_1_147' title='bbox 1053 1739 1082 1793; x_wconf 92' lang='lat'>2,</span> <span class='ocrx_word' id='word_1_148' title='bbox 1112 1739 1166 1800; x_wconf 92' lang='grc' dir='ltr'>9ο,</span> <span class='ocrx_word' id='word_1_149' title='bbox 1196 1739 1222 1780; x_wconf 90' lang='lat'>1:</span> <span class='ocrx_word' id='word_1_150' title='bbox 1254 1739 1342 1799; x_wconf 94' lang='lat' dir='ltr'>quem</span> <span class='ocrx_word' id='word_1_151' title='bbox 1369 1739 1460 1798; x_wconf 89' lang='lat' dir='ltr'>usque</span> <span class='ocrx_word' id='word_1_152' title='bbox 1485 1723 1514 1795; x_wconf 76' lang='lat' dir='ltr'>in</span> 
     </span>
     <span class='ocr_line' id='line_1_15' title="bbox 269 1821 1518 1904; baseline 0 -24"><span class='ocrx_word' id='word_1_153' title='bbox 269 1824 386 1902; x_wconf 79' lang='lat' dir='ltr'>tertium</span> <span class='ocrx_word' id='word_1_154' title='bbox 408 1826 592 1901; x_wconf 90' lang='lat' dir='ltr'>consulatum</span> <span class='ocrx_word' id='word_1_155' title='bbox 614 1827 741 1886; x_wconf 89' lang='lat' dir='ltr'>amicitia</span> <span class='ocrx_word' id='word_1_156' title='bbox 763 1828 899 1904; x_wconf 88' lang='lat' dir='ltr'>principis</span> <span class='ocrx_word' id='word_1_157' title='bbox 922 1834 1057 1886; x_wconf 87' lang='lat' dir='ltr'>evexerat</span> <span class='ocrx_word' id='word_1_158' title='bbox 1082 1823 1153 1901; x_wconf 85' lang='lat' dir='ltr'>(Liv.</span> <span class='ocrx_word' id='word_1_159' title='bbox 1176 1824 1244 1901; x_wconf 89' lang='lat' dir='ltr'>epit.</span> <span class='ocrx_word' id='word_1_160' title='bbox 1264 1821 1315 1882; x_wconf 78' lang='lat'>68:</span> <span class='ocrx_word' id='word_1_161' title='bbox 1342 1823 1451 1882; x_wconf 89' lang='lat' dir='ltr'>homini</span> <span class='ocrx_word' id='word_1_162' title='bbox 1477 1821 1518 1881; x_wconf 86' lang='lat' dir='ltr'>ad</span> 
     </span>
     <span class='ocr_line' id='line_1_16' title="bbox 271 1924 1523 2006; baseline 0.001 -25"><span class='ocrx_word' id='word_1_163' title='bbox 271 1932 369 1985; x_wconf 86' lang='lat' dir='ltr'>tantos</span> <span class='ocrx_word' id='word_1_164' title='bbox 391 1926 518 1987; x_wconf 90' lang='lat' dir='ltr'>honores</span> <span class='ocrx_word' id='word_1_165' title='bbox 539 1935 654 2006; x_wconf 80' lang='lat' dir='ltr'>evect03</span> <span class='ocrx_word' id='word_1_166' title='bbox 676 1928 773 1988; x_wconf 89' lang='lat' dir='ltr'>Livius</span> <span class='ocrx_word' id='word_1_167' title='bbox 795 1929 857 2005; x_wconf 90' lang='lat' dir='ltr'>ipse</span> <span class='ocrx_word' id='word_1_168' title='bbox 878 1945 920 1998; x_wconf 88' lang='lat'>22,</span> <span class='ocrx_word' id='word_1_169' title='bbox 940 1927 985 1999; x_wconf 88' lang='lat'>26,</span> <span class='ocrx_word' id='word_1_170' title='bbox 1008 1945 1037 1986; x_wconf 89' lang='lat'>2:</span> <span class='ocrx_word' id='word_1_171' title='bbox 1059 1927 1210 2004; x_wconf 90' lang='lat' dir='ltr'>pervenire</span> <span class='ocrx_word' id='word_1_172' title='bbox 1232 1925 1271 1985; x_wconf 87' lang='lat' dir='ltr'>ad</span> <span class='ocrx_word' id='word_1_173' title='bbox 1293 1925 1420 1984; x_wconf 89' lang='lat' dir='ltr'>honores</span> <span class='ocrx_word' id='word_1_174' title='bbox 1442 1924 1523 1983; x_wconf 86' lang='lat' dir='ltr'>dicit.</span> 
     </span>
     <span class='ocr_line' id='line_1_17' title="bbox 269 2026 1522 2106; baseline 0 -22"><span class='ocrx_word' id='word_1_175' title='bbox 269 2026 344 2085; x_wconf 88' lang='lat' dir='ltr'>Tae.</span> <span class='ocrx_word' id='word_1_176' title='bbox 368 2027 436 2087; x_wconf 90' lang='lat' dir='ltr'>dial.</span> <span class='ocrx_word' id='word_1_177' title='bbox 461 2045 505 2106; x_wconf 83' lang='lat'>13:</span> <span class='ocrx_word' id='word_1_178' title='bbox 530 2031 611 2089; x_wconf 88' lang='lat' dir='ltr'>eveh.</span> <span class='ocrx_word' id='word_1_179' title='bbox 634 2030 673 2090; x_wconf 88' lang='lat' dir='ltr'>ad</span> <span class='ocrx_word' id='word_1_180' title='bbox 695 2032 877 2101; x_wconf 88' lang='lat' dir='ltr'>consulatus;</span> <span class='ocrx_word' id='word_1_181' title='bbox 905 2030 984 2090; x_wconf 92' lang='lat' dir='ltr'>Curt.</span> <span class='ocrx_word' id='word_1_182' title='bbox 1006 2047 1035 2105; x_wconf 88' lang='lat'>4,</span> <span class='ocrx_word' id='word_1_183' title='bbox 1059 2046 1102 2101; x_wconf 85' lang='lat'>10,</span> <span class='ocrx_word' id='word_1_184' title='bbox 1125 2045 1176 2088; x_wconf 88' lang='lat'>20:</span> <span class='ocrx_word' id='word_1_185' title='bbox 1204 2028 1243 2087; x_wconf 88' lang='lat' dir='ltr'>ad</span> <span class='ocrx_word' id='word_1_186' title='bbox 1265 2038 1412 2088; x_wconf 90' lang='lat' dir='ltr'>summum</span> <span class='ocrx_word' id='word_1_187' title='bbox 1440 2026 1522 2085; x_wconf 85' lang='lat' dir='ltr'>sasti-</span> 
     </span>
     <span class='ocr_line' id='line_1_18' title="bbox 271 2125 473 2204; baseline 0.01 -18"><span class='ocrx_word' id='word_1_188' title='bbox 271 2128 351 2204; x_wconf 91' lang='lat' dir='ltr'>gium</span> <span class='ocrx_word' id='word_1_189' title='bbox 374 2125 473 2204; x_wconf 87' lang='lat' dir='ltr'>evehi).</span> 
     </span>
    </p>

    <p class='ocr_par' dir='ltr' id='par_1_6' title="bbox 270 2229 1524 2719">
     <span class='ocr_line' id='line_1_19' title="bbox 356 2229 1522 2311; baseline -0.002 -23"><span class='ocrx_word' id='word_1_190' title='bbox 356 2229 471 2290; x_wconf 78' lang='lat' dir='ltr'>Illicere</span> <span class='ocrx_word' id='word_1_191' title='bbox 489 2232 568 2309; x_wconf 91' lang='lat' dir='ltr'>apud</span> <span class='ocrx_word' id='word_1_192' title='bbox 590 2234 717 2308; x_wconf 90' lang='lat' dir='ltr'>optimos</span> <span class='ocrx_word' id='word_1_193' title='bbox 739 2234 893 2311; x_wconf 90' lang='lat' dir='ltr'>scriptores</span> <span class='ocrx_word' id='word_1_194' title='bbox 916 2234 1088 2311; x_wconf 89' lang='lat' dir='ltr'>plerumque</span> <span class='ocrx_word' id='word_1_195' title='bbox 1105 2241 1261 2310; x_wconf 89' lang='lat' dir='ltr'>usurpatur</span> <span class='ocrx_word' id='word_1_196' title='bbox 1278 2233 1308 2290; x_wconf 92' lang='lat' dir='ltr'>in</span> <span class='ocrx_word' id='word_1_197' title='bbox 1326 2230 1435 2289; x_wconf 90' lang='lat' dir='ltr'>malam</span> <span class='ocrx_word' id='word_1_198' title='bbox 1453 2246 1522 2305; x_wconf 92' lang='lat' dir='ltr'>par-</span> 
     </span>
     <span class='ocr_line' id='line_1_20' title="bbox 270 2331 1520 2414; baseline -0.002 -23"><span class='ocrx_word' id='word_1_199' title='bbox 270 2340 345 2403; x_wconf 88' lang='lat' dir='ltr'>tem,</span> <span class='ocrx_word' id='word_1_200' title='bbox 368 2351 427 2408; x_wconf 88' lang='lat' dir='ltr'>qua</span> <span class='ocrx_word' id='word_1_201' title='bbox 449 2332 659 2409; x_wconf 86' lang='lat' dir='ltr'>significatione</span> <span class='ocrx_word' id='word_1_202' title='bbox 680 2343 776 2394; x_wconf 84' lang='lat' dir='ltr'>exstat</span> <span class='ocrx_word' id='word_1_203' title='bbox 797 2335 876 2412; x_wconf 90' lang='lat' dir='ltr'>apud</span> <span class='ocrx_word' id='word_1_204' title='bbox 894 2335 1038 2414; x_wconf 88' lang='lat' dir='ltr'>Vellejum</span> <span class='ocrx_word' id='word_1_205' title='bbox 1061 2351 1086 2407; x_wconf 91' lang='lat'>2,</span> <span class='ocrx_word' id='word_1_206' title='bbox 1111 2353 1151 2410; x_wconf 88' lang='grc' dir='ltr'>ι5,</span> <span class='ocrx_word' id='word_1_207' title='bbox 1174 2351 1203 2405; x_wconf 91' lang='grc'>2;</span> <span class='ocrx_word' id='word_1_208' title='bbox 1230 2336 1283 2396; x_wconf 91' lang='lat' dir='ltr'>sed</span> <span class='ocrx_word' id='word_1_209' title='bbox 1306 2332 1406 2392; x_wconf 90' lang='lat' dir='ltr'>dicitur</span> <span class='ocrx_word' id='word_1_210' title='bbox 1429 2331 1520 2389; x_wconf 89' lang='lat' dir='ltr'>etiam</span> 
     </span>
     <span class='ocr_line' id='line_1_21' title="bbox 272 2435 1523 2514; baseline -0.002 -21"><span class='ocrx_word' id='word_1_211' title='bbox 272 2435 303 2493; x_wconf 92' lang='lat' dir='ltr'>in</span> <span class='ocrx_word' id='word_1_212' title='bbox 324 2435 435 2494; x_wconf 91' lang='lat' dir='ltr'>bonam</span> <span class='ocrx_word' id='word_1_213' title='bbox 458 2443 582 2512; x_wconf 89' lang='lat' dir='ltr'>partem,</span> <span class='ocrx_word' id='word_1_214' title='bbox 605 2443 637 2495; x_wconf 91' lang='lat' dir='ltr'>ut</span> <span class='ocrx_word' id='word_1_215' title='bbox 654 2453 679 2508; x_wconf 90' lang='lat'>2,</span> <span class='ocrx_word' id='word_1_216' title='bbox 698 2435 745 2513; x_wconf 91' lang='grc'>89,</span> <span class='ocrx_word' id='word_1_217' title='bbox 763 2455 796 2512; x_wconf 87' lang='lat'>4:</span> <span class='ocrx_word' id='word_1_218' title='bbox 818 2438 963 2514; x_wconf 88' lang='lat' dir='ltr'>principes</span> <span class='ocrx_word' id='word_1_219' title='bbox 986 2439 1037 2497; x_wconf 90' lang='lat' dir='ltr'>viri</span> <span class='ocrx_word' id='word_1_220' title='bbox 1054 2438 1171 2497; x_wconf 88' lang='lat' dir='ltr'>hortatu</span> <span class='ocrx_word' id='word_1_221' title='bbox 1193 2436 1330 2514; x_wconf 89' lang='lat' dir='ltr'>principis</span> <span class='ocrx_word' id='word_1_222' title='bbox 1352 2435 1390 2495; x_wconf 91' lang='lat' dir='ltr'>ad</span> <span class='ocrx_word' id='word_1_223' title='bbox 1413 2452 1523 2493; x_wconf 85' lang='lat' dir='ltr'>ornan·</span> 
     </span>
     <span class='ocr_line' id='line_1_22' title="bbox 272 2536 1524 2617; baseline 0 -23"><span class='ocrx_word' id='word_1_224' title='bbox 272 2536 341 2595; x_wconf 89' lang='lat' dir='ltr'>darn</span> <span class='ocrx_word' id='word_1_225' title='bbox 364 2538 467 2598; x_wconf 91' lang='lat' dir='ltr'>urbem</span> <span class='ocrx_word' id='word_1_226' title='bbox 490 2538 577 2598; x_wconf 90' lang='lat' dir='ltr'>illecti</span> <span class='ocrx_word' id='word_1_227' title='bbox 598 2547 675 2598; x_wconf 88' lang='lat' dir='ltr'>suut.</span> <span class='ocrx_word' id='word_1_228' title='bbox 720 2538 764 2599; x_wconf 82' lang='lat' dir='ltr'>Cf.</span> <span class='ocrx_word' id='word_1_229' title='bbox 788 2540 884 2599; x_wconf 93' lang='lat' dir='ltr'>Varro</span> <span class='ocrx_word' id='word_1_230' title='bbox 906 2540 943 2599; x_wconf 90' lang='lat' dir='ltr'>de</span> <span class='ocrx_word' id='word_1_231' title='bbox 965 2540 984 2599; x_wconf 96' lang='lat' dir='ltr'>l.</span> <span class='ocrx_word' id='word_1_232' title='bbox 1006 2539 1025 2598; x_wconf 94' lang='lat' dir='ltr'>l.</span> <span class='ocrx_word' id='word_1_233' title='bbox 1049 2539 1076 2612; x_wconf 94' lang='grc'>6,</span> <span class='ocrx_word' id='word_1_234' title='bbox 1100 2557 1118 2617; x_wconf 95' lang='grc'>9</span> <span class='ocrx_word' id='word_1_235' title='bbox 1142 2537 1161 2616; x_wconf 62' lang='grc'>8</span> <span class='ocrx_word' id='word_1_236' title='bbox 1184 2556 1235 2616; x_wconf 80' lang='lat'>94:</span> <span class='ocrx_word' id='word_1_237' title='bbox 1259 2548 1291 2598; x_wconf 91' lang='lat' dir='ltr'>ut</span> <span class='ocrx_word' id='word_1_238' title='bbox 1311 2538 1436 2617; x_wconf 93' lang='lat' dir='ltr'>populus</span> <span class='ocrx_word' id='word_1_239' title='bbox 1459 2536 1524 2596; x_wconf 89' lang='lat' dir='ltr'>inli-</span> 
     </span>
     <span class='ocr_line' id='line_1_23' title="bbox 272 2640 858 2719; baseline 0.005 -21"><span class='ocrx_word' id='word_1_240' title='bbox 272 2642 366 2699; x_wconf 88' lang='lat' dir='ltr'>ciatur</span> <span class='ocrx_word' id='word_1_241' title='bbox 387 2640 425 2698; x_wconf 93' lang='lat' dir='ltr'>ad</span> <span class='ocrx_word' id='word_1_242' title='bbox 448 2641 636 2717; x_wconf 84' lang='lat' dir='ltr'>magistratus</span> <span class='ocrx_word' id='word_1_243' title='bbox 659 2650 858 2719; x_wconf 90' lang='lat' dir='ltr'>conspectum.</span> 
     </span>
    </p>

    <p class='ocr_par' dir='ltr' id='par_1_7' title="bbox 259 2741 1527 3022">
     <span class='ocr_line' id='line_1_24' title="bbox 358 2741 1527 2820; baseline -0.001 -20"><span class='ocrx_word' id='word_1_244' title='bbox 358 2741 532 2801; x_wconf 81' lang='lat' dir='ltr'>Illumr&#39;nrre</span> <span class='ocrx_word' id='word_1_245' title='bbox 554 2743 695 2802; x_wconf 83' lang='lat' dir='ltr'>translate</span> <span class='ocrx_word' id='word_1_246' title='bbox 718 2743 821 2803; x_wconf 90' lang='lat' dir='ltr'>dicitur</span> <span class='ocrx_word' id='word_1_247' title='bbox 842 2761 895 2820; x_wconf 89' lang='lat' dir='ltr'>pro</span> <span class='ocrx_word' id='word_1_248' title='bbox 913 2763 959 2815; x_wconf 90' lang='lat' dir='ltr'>eo,</span> <span class='ocrx_word' id='word_1_249' title='bbox 982 2743 1062 2820; x_wconf 94' lang='lat' dir='ltr'>quod</span> <span class='ocrx_word' id='word_1_250' title='bbox 1084 2752 1128 2803; x_wconf 88' lang='lat' dir='ltr'>est</span> <span class='ocrx_word' id='word_1_251' title='bbox 1146 2744 1285 2804; x_wconf 78' lang='lat' dir='ltr'>celebrare</span> <span class='ocrx_word' id='word_1_252' title='bbox 1308 2759 1329 2813; x_wconf 88' lang='lat'>1,</span> <span class='ocrx_word' id='word_1_253' title='bbox 1354 2741 1394 2813; x_wconf 90' lang='lat'>18,</span> <span class='ocrx_word' id='word_1_254' title='bbox 1418 2759 1447 2817; x_wconf 82' lang='lat'>3:</span> <span class='ocrx_word' id='word_1_255' title='bbox 1469 2741 1527 2799; x_wconf 79' lang='lat' dir='ltr'>nisi</span> 
     </span>
     <span class='ocr_line' id='line_1_25' title="bbox 259 2839 1524 2922; baseline 0.004 -26"><span class='ocrx_word' id='word_1_256' title='bbox 259 2843 394 2902; x_wconf 91' lang='lat' dir='ltr'>.Thebas</span> <span class='ocrx_word' id='word_1_257' title='bbox 421 2861 513 2903; x_wconf 90' lang='lat' dir='ltr'>unum</span> <span class='ocrx_word' id='word_1_258' title='bbox 538 2860 572 2904; x_wconf 93' lang='lat' dir='ltr'>os</span> <span class='ocrx_word' id='word_1_259' title='bbox 594 2839 713 2904; x_wconf 88' lang='lat' dir='ltr'>Pindari</span> <span class='ocrx_word' id='word_1_260' title='bbox 738 2845 928 2915; x_wconf 79' lang='lat' dir='ltr'>illuminaret3</span> <span class='ocrx_word' id='word_1_261' title='bbox 956 2861 986 2917; x_wconf 91' lang='lat'>2,</span> <span class='ocrx_word' id='word_1_262' title='bbox 1010 2847 1061 2916; x_wconf 91' lang='grc'>66,</span> <span class='ocrx_word' id='word_1_263' title='bbox 1084 2860 1114 2921; x_wconf 83' lang='lat'>5:</span> <span class='ocrx_word' id='word_1_264' title='bbox 1142 2863 1238 2904; x_wconf 88' lang='lat' dir='ltr'>rerum</span> <span class='ocrx_word' id='word_1_265' title='bbox 1266 2854 1389 2905; x_wconf 85' lang='lat' dir='ltr'>naturae</span> <span class='ocrx_word' id='word_1_266' title='bbox 1416 2861 1524 2922; x_wconf 89' lang='lat' dir='ltr'>corpus</span> 
     </span>
     <span class='ocr_line' id='line_1_26' title="bbox 273 2945 644 3022; baseline 0 -18"><span class='ocrx_word' id='word_1_267' title='bbox 273 2945 441 3022; x_wconf 90' lang='lat' dir='ltr'>eloquentia</span> <span class='ocrx_word' id='word_1_268' title='bbox 463 2946 644 3005; x_wconf 89' lang='lat' dir='ltr'>illuminavit.</span> 
     </span>
    </p>

    <p class='ocr_par' dir='ltr' id='par_1_8' title="bbox 359 3045 1529 3126">
     <span class='ocr_line' id='line_1_27' title="bbox 359 3045 1529 3126; baseline -0.002 -20"><span class='ocrx_word' id='word_1_269' title='bbox 359 3045 483 3124; x_wconf 88' lang='lat' dir='ltr'>Implere</span> <span class='ocrx_word' id='word_1_270' title='bbox 504 3047 646 3107; x_wconf 87' lang='lat' dir='ltr'>translate</span> <span class='ocrx_word' id='word_1_271' title='bbox 668 3049 784 3125; x_wconf 90' lang='lat' dir='ltr'>ponitur</span> <span class='ocrx_word' id='word_1_272' title='bbox 801 3067 855 3126; x_wconf 89' lang='lat' dir='ltr'>pro</span> <span class='ocrx_word' id='word_1_273' title='bbox 871 3051 960 3125; x_wconf 86' lang='lat' dir='ltr'>plane</span> <span class='ocrx_word' id='word_1_274' title='bbox 981 3051 1136 3125; x_wconf 83' lang='lat' dir='ltr'>explicare,</span> <span class='ocrx_word' id='word_1_275' title='bbox 1159 3059 1299 3125; x_wconf 84' lang='lat' dir='ltr'>exponere</span> <span class='ocrx_word' id='word_1_276' title='bbox 1321 3048 1374 3116; x_wconf 91' lang='lat' dir='ltr'>vel,</span> <span class='ocrx_word' id='word_1_277' title='bbox 1398 3054 1430 3105; x_wconf 93' lang='lat' dir='ltr'>ut</span> <span class='ocrx_word' id='word_1_278' title='bbox 1451 3046 1529 3105; x_wconf 84' lang='lat' dir='ltr'>alias</span> 
     </span>
    </p>

    <p class='ocr_par' dir='ltr' id='par_1_9' title="bbox 211 3149 1619 4040">
     <span class='ocr_line' id='line_1_28' title="bbox 211 3149 1530 3229; baseline -0.001 -22"><span class='ocrx_word' id='word_1_279' title='bbox 211 3155 214 3162; x_wconf 81' lang='grc'><em>’</em></span> <span class='ocrx_word' id='word_1_280' title='bbox 276 3149 385 3219; x_wconf 86' lang='lat' dir='ltr'>dicunt,</span> <span class='ocrx_word' id='word_1_281' title='bbox 408 3151 571 3208; x_wconf 82' lang='lat' dir='ltr'>exhaurire</span> <span class='ocrx_word' id='word_1_282' title='bbox 592 3165 617 3221; x_wconf 93' lang='grc'>2,</span> <span class='ocrx_word' id='word_1_283' title='bbox 642 3165 705 3225; x_wconf 79' lang='lat'>103,</span> <span class='ocrx_word' id='word_1_284' title='bbox 728 3167 759 3224; x_wconf 88' lang='lat'>4:</span> <span class='ocrx_word' id='word_1_285' title='bbox 777 3150 825 3208; x_wconf 82' lang='lat' dir='ltr'>vix</span> <span class='ocrx_word' id='word_1_286' title='bbox 846 3151 875 3209; x_wconf 89' lang='lat' dir='ltr'>in</span> <span class='ocrx_word' id='word_1_287' title='bbox 896 3152 946 3210; x_wconf 93' lang='lat' dir='ltr'>illo</span> <span class='ocrx_word' id='word_1_288' title='bbox 966 3152 1044 3229; x_wconf 88' lang='lat' dir='ltr'>justo</span> <span class='ocrx_word' id='word_1_289' title='bbox 1066 3169 1154 3227; x_wconf 92' lang='lat' dir='ltr'>opere</span> <span class='ocrx_word' id='word_1_290' title='bbox 1176 3149 1294 3210; x_wconf 90' lang='lat' dir='ltr'>abunde</span> <span class='ocrx_word' id='word_1_291' title='bbox 1315 3149 1450 3226; x_wconf 91' lang='lat' dir='ltr'>persequi</span> <span class='ocrx_word' id='word_1_292' title='bbox 1472 3166 1530 3225; x_wconf 91' lang='lat' dir='ltr'>po·</span> 
     </span>
     <span class='ocr_line' id='line_1_29' title="bbox 276 3251 1527 3330; baseline -0.003 -20"><span class='ocrx_word' id='word_1_293' title='bbox 276 3251 404 3320; x_wconf 92' lang='lat' dir='ltr'>terimus,</span> <span class='ocrx_word' id='word_1_294' title='bbox 427 3251 536 3310; x_wconf 89' lang='lat' dir='ltr'>nedum</span> <span class='ocrx_word' id='word_1_295' title='bbox 558 3251 606 3311; x_wconf 93' lang='lat' dir='ltr'>hic</span> <span class='ocrx_word' id='word_1_296' title='bbox 627 3252 756 3328; x_wconf 90' lang='lat' dir='ltr'>implere.</span> <span class='ocrx_word' id='word_1_297' title='bbox 795 3252 872 3312; x_wconf 85' lang='lat' dir='ltr'>Vide</span> <span class='ocrx_word' id='word_1_298' title='bbox 892 3270 970 3330; x_wconf 88' lang='lat' dir='ltr'>quae</span> <span class='ocrx_word' id='word_1_299' title='bbox 992 3253 1188 3328; x_wconf 90' lang='lat' dir='ltr'>Schultingr&#39;us</span> <span class='ocrx_word' id='word_1_300' title='bbox 1211 3252 1249 3311; x_wconf 95' lang='lat' dir='ltr'>ad</span> <span class='ocrx_word' id='word_1_301' title='bbox 1267 3253 1334 3312; x_wconf 91' lang='lat' dir='ltr'>Sen.</span> <span class='ocrx_word' id='word_1_302' title='bbox 1351 3259 1483 3311; x_wconf 88' lang='lat' dir='ltr'>controv.</span> <span class='ocrx_word' id='word_1_303' title='bbox 1503 3266 1527 3308; x_wconf 95' lang='lat'>1.</span> 
     </span>
     <span class='ocr_line' id='line_1_30' title="bbox 277 3351 1529 3431; baseline 0 -21"><span class='ocrx_word' id='word_1_304' title='bbox 277 3369 305 3428; x_wconf 93' lang='lat' dir='ltr'>p.</span> <span class='ocrx_word' id='word_1_305' title='bbox 331 3366 383 3427; x_wconf 90' lang='lat'>107</span> <span class='ocrx_word' id='word_1_306' title='bbox 407 3351 573 3412; x_wconf 89' lang='lat' dir='ltr'>doctissime</span> <span class='ocrx_word' id='word_1_307' title='bbox 595 3353 633 3412; x_wconf 92' lang='lat' dir='ltr'>de</span> <span class='ocrx_word' id='word_1_308' title='bbox 654 3355 740 3413; x_wconf 88' lang='lat' dir='ltr'>variis</span> <span class='ocrx_word' id='word_1_309' title='bbox 766 3353 906 3431; x_wconf 86' lang='lat' dir='ltr'>implendi</span> <span class='ocrx_word' id='word_1_310' title='bbox 928 3355 1187 3430; x_wconf 87' lang='lat' dir='ltr'>significationibus</span> <span class='ocrx_word' id='word_1_311' title='bbox 1213 3354 1378 3431; x_wconf 87' lang='lat' dir='ltr'>disputavit.</span> <span class='ocrx_word' id='word_1_312' title='bbox 1401 3384 1442 3396; x_wconf 90' lang='lat'>-</span> <span class='ocrx_word' id='word_1_313' title='bbox 1464 3352 1529 3411; x_wconf 85' lang='lat' dir='ltr'>Im·</span> 
     </span>
     <span class='ocr_line' id='line_1_31' title="bbox 269 3453 1528 3538; baseline -0.002 -26"><span class='ocrx_word' id='word_1_314' title='bbox 269 3456 351 3531; x_wconf 90' lang='lat' dir='ltr'>plere</span> <span class='ocrx_word' id='word_1_315' title='bbox 369 3454 450 3530; x_wconf 90' lang='lat' dir='ltr'>alqm</span> <span class='ocrx_word' id='word_1_316' title='bbox 467 3454 571 3514; x_wconf 88' lang='lat' dir='ltr'>dicitur</span> <span class='ocrx_word' id='word_1_317' title='bbox 588 3473 655 3533; x_wconf 87' lang='lat' dir='ltr'>pro:</span> <span class='ocrx_word' id='word_1_318' title='bbox 678 3459 738 3516; x_wconf 81' lang='lat' dir='ltr'>oris</span> <span class='ocrx_word' id='word_1_319' title='bbox 748 3457 856 3533; x_wconf 84' lang='lat' dir='ltr'>figura</span> <span class='ocrx_word' id='word_1_320' title='bbox 874 3460 949 3533; x_wconf 84' lang='lat' dir='ltr'>alqm</span> <span class='ocrx_word' id='word_1_321' title='bbox 962 3458 1046 3532; x_wconf 85' lang='lat' dir='ltr'>plene</span> <span class='ocrx_word' id='word_1_322' title='bbox 1061 3453 1236 3538; x_wconf 71' lang='lat' dir='ltr'>perfecteque</span> <span class='ocrx_word' id='word_1_323' title='bbox 1252 3458 1369 3536; x_wconf 75' lang='lat' dir='ltr'>referre</span> <span class='ocrx_word' id='word_1_324' title='bbox 1382 3471 1408 3524; x_wconf 90' lang='lat'>2,</span> <span class='ocrx_word' id='word_1_325' title='bbox 1427 3469 1472 3532; x_wconf 88' lang='grc'>95,</span> <span class='ocrx_word' id='word_1_326' title='bbox 1490 3470 1528 3529; x_wconf 87' lang='grc'>5.·</span> 
     </span>
     <span class='ocr_line' id='line_1_32' title="bbox 277 3545 1618 3636; baseline -0.001 -23"><span class='ocrx_word' id='word_1_327' title='bbox 277 3574 343 3614; x_wconf 91' lang='lat' dir='ltr'>cum</span> <span class='ocrx_word' id='word_1_328' title='bbox 362 3554 469 3616; x_wconf 90' lang='lat' dir='ltr'>Paulus</span> <span class='ocrx_word' id='word_1_329' title='bbox 492 3556 537 3615; x_wconf 82' lang='lat' dir='ltr'>vix</span> <span class='ocrx_word' id='word_1_330' title='bbox 553 3567 662 3634; x_wconf 89' lang='lat' dir='ltr'>posset.</span> <span class='ocrx_word' id='word_1_331' title='bbox 677 3559 798 3635; x_wconf 88' lang='lat' dir='ltr'>implere</span> <span class='ocrx_word' id='word_1_332' title='bbox 815 3576 967 3618; x_wconf 83' lang='lat' dir='ltr'>censorem</span> <span class='ocrx_word' id='word_1_333' title='bbox 992 3553 1024 3636; x_wconf 88' lang='lat' dir='ltr'>[i.</span> <span class='ocrx_word' id='word_1_334' title='bbox 1047 3576 1073 3618; x_wconf 94' lang='lat' dir='ltr'>e.</span> <span class='ocrx_word' id='word_1_335' title='bbox 1096 3560 1153 3617; x_wconf 91' lang='lat' dir='ltr'>vim</span> <span class='ocrx_word' id='word_1_336' title='bbox 1176 3569 1205 3619; x_wconf 92' lang='lat' dir='ltr'>et</span> <span class='ocrx_word' id='word_1_337' title='bbox 1227 3559 1429 3619; x_wconf 88' lang='lat' dir='ltr'>auctoritatem</span> <span class='ocrx_word' id='word_1_338' title='bbox 1452 3572 1525 3614; x_wconf 88' lang='lat' dir='ltr'>cen·</span> <span class='ocrx_word' id='word_1_339' title='bbox 1617 3545 1618 3576; x_wconf 67' lang='lat'><strong>³</strong></span> 
     </span>
     <span class='ocr_line' id='line_1_33' title="bbox 281 3651 1526 3738; baseline -0.001 -22"><span class='ocrx_word' id='word_1_340' title='bbox 281 3658 353 3716; x_wconf 92' lang='lat' dir='ltr'>soris</span> <span class='ocrx_word' id='word_1_341' title='bbox 374 3657 461 3733; x_wconf 90' lang='lat' dir='ltr'>plene</span> <span class='ocrx_word' id='word_1_342' title='bbox 483 3655 647 3738; x_wconf 89' lang='lat' dir='ltr'>praestare]</span> <span class='ocrx_word' id='word_1_343' title='bbox 676 3657 759 3734; x_wconf 86' lang='lat' dir='ltr'>(Plin.</span> <span class='ocrx_word' id='word_1_344' title='bbox 782 3678 838 3737; x_wconf 80' lang='lat' dir='ltr'>ep,</span> <span class='ocrx_word' id='word_1_345' title='bbox 861 3660 944 3731; x_wconf 83' lang='lat' dir='ltr'>Tac,</span> <span class='ocrx_word' id='word_1_346' title='bbox 976 3659 1012 3719; x_wconf 87' lang='lat' dir='ltr'>cf.</span> <span class='ocrx_word' id='word_1_347' title='bbox 1035 3660 1176 3720; x_wconf 87' lang='lat' dir='ltr'>Boettich.</span> <span class='ocrx_word' id='word_1_348' title='bbox 1199 3661 1282 3720; x_wconf 83' lang='lat' dir='ltr'>lexic.</span> <span class='ocrx_word' id='word_1_349' title='bbox 1304 3659 1378 3718; x_wconf 92' lang='lat' dir='ltr'>Tac.</span> <span class='ocrx_word' id='word_1_350' title='bbox 1401 3677 1429 3735; x_wconf 89' lang='lat' dir='ltr'>p.</span> <span class='ocrx_word' id='word_1_351' title='bbox 1449 3651 1526 3730; x_wconf 77' lang='lat'>244).</span> 
     </span>
     <span class='ocr_line' id='line_1_34' title="bbox 260 3756 1528 3840; baseline -0.002 -23"><span class='ocrx_word' id='word_1_352' title='bbox 260 3833 262 3838; x_wconf 23' lang='grc' dir='ltr'>Ι</span> <span class='ocrx_word' id='word_1_353' title='bbox 360 3759 545 3835; x_wconf 80' lang='lat' dir='ltr'>Instinguere</span> <span class='ocrx_word' id='word_1_354' title='bbox 567 3761 647 3838; x_wconf 89' lang='lat' dir='ltr'>alqm</span> <span class='ocrx_word' id='word_1_355' title='bbox 670 3764 700 3820; x_wconf 83' lang='lat' dir='ltr'>r‘n</span> <span class='ocrx_word' id='word_1_356' title='bbox 727 3762 837 3821; x_wconf 92' lang='lat' dir='ltr'>bellum</span> <span class='ocrx_word' id='word_1_357' title='bbox 864 3762 1024 3821; x_wconf 89' lang='lat' dir='ltr'>insolenter</span> <span class='ocrx_word' id='word_1_358' title='bbox 1053 3762 1157 3822; x_wconf 90' lang='lat' dir='ltr'>dicitur</span> <span class='ocrx_word' id='word_1_359' title='bbox 1182 3781 1236 3840; x_wconf 91' lang='lat' dir='ltr'>pro</span> <span class='ocrx_word' id='word_1_360' title='bbox 1261 3761 1382 3822; x_wconf 89' lang='lat' dir='ltr'>incitare</span> <span class='ocrx_word' id='word_1_361' title='bbox 1404 3758 1443 3819; x_wconf 89' lang='lat' dir='ltr'>ad</span> <span class='ocrx_word' id='word_1_362' title='bbox 1462 3756 1528 3816; x_wconf 88' lang='lat' dir='ltr'>bel·</span> 
     </span>
     <span class='ocr_line' id='line_1_35' title="bbox 275 3860 1528 3941; baseline -0.002 -21"><span class='ocrx_word' id='word_1_363' title='bbox 275 3862 337 3922; x_wconf 92' lang='lat' dir='ltr'>lum</span> <span class='ocrx_word' id='word_1_364' title='bbox 361 3879 384 3932; x_wconf 86' lang='lat' dir='ltr'>r,</span> <span class='ocrx_word' id='word_1_365' title='bbox 409 3877 448 3933; x_wconf 91' lang='lat'>12,</span> <span class='ocrx_word' id='word_1_366' title='bbox 474 3879 500 3921; x_wconf 91' lang='lat'>1:</span> <span class='ocrx_word' id='word_1_367' title='bbox 526 3863 663 3923; x_wconf 89' lang='lat' dir='ltr'>instincta</span> <span class='ocrx_word' id='word_1_368' title='bbox 684 3861 714 3922; x_wconf 91' lang='lat' dir='ltr'>in</span> <span class='ocrx_word' id='word_1_369' title='bbox 737 3862 846 3924; x_wconf 90' lang='lat' dir='ltr'>bellum</span> <span class='ocrx_word' id='word_1_370' title='bbox 869 3864 990 3924; x_wconf 84' lang='lat' dir='ltr'>Achaia.</span> <span class='ocrx_word' id='word_1_371' title='bbox 1035 3864 1128 3924; x_wconf 87' lang='lat' dir='ltr'>Paulo</span> <span class='ocrx_word' id='word_1_372' title='bbox 1150 3881 1238 3941; x_wconf 92' lang='lat' dir='ltr'>supra</span> <span class='ocrx_word' id='word_1_373' title='bbox 1260 3863 1400 3924; x_wconf 88' lang='lat' dir='ltr'>invenies:</span> <span class='ocrx_word' id='word_1_374' title='bbox 1423 3860 1528 3921; x_wconf 89' lang='lat' dir='ltr'>Corin-</span> 
     </span>
     <span class='ocr_line' id='line_1_36' title="bbox 276 3964 760 4040; baseline 0.004 -18"><span class='ocrx_word' id='word_1_375' title='bbox 276 3965 341 4024; x_wconf 90' lang='lat' dir='ltr'>thiis</span> <span class='ocrx_word' id='word_1_376' title='bbox 363 3965 392 4023; x_wconf 91' lang='lat' dir='ltr'>in</span> <span class='ocrx_word' id='word_1_377' title='bbox 414 3964 523 4023; x_wconf 92' lang='lat' dir='ltr'>bellum</span> <span class='ocrx_word' id='word_1_378' title='bbox 545 3965 760 4040; x_wconf 83' lang='lat' dir='ltr'>instigantibus.</span> 
     </span>
    </p>

    <p class='ocr_par' dir='ltr' id='par_1_10' title="bbox 276 4065 1615 4553">
     <span class='ocr_line' id='line_1_37' title="bbox 361 4065 1535 4146; baseline 0 -23"><span class='ocrx_word' id='word_1_379' title='bbox 361 4065 556 4141; x_wconf 80' lang='lat' dir='ltr'>Interpretari</span> <span class='ocrx_word' id='word_1_380' title='bbox 575 4067 645 4144; x_wconf 93' lang='lat' dir='ltr'>alqd</span> <span class='ocrx_word' id='word_1_381' title='bbox 664 4078 718 4143; x_wconf 85' lang='lat' dir='ltr'>pro</span> <span class='ocrx_word' id='word_1_382' title='bbox 737 4069 806 4146; x_wconf 90' lang='lat' dir='ltr'>alqa</span> <span class='ocrx_word' id='word_1_383' title='bbox 828 4086 860 4127; x_wconf 88' lang='lat' dir='ltr'>re</span> <span class='ocrx_word' id='word_1_384' title='bbox 881 4086 906 4139; x_wconf 90' lang='grc'>2,</span> <span class='ocrx_word' id='word_1_385' title='bbox 930 4068 976 4143; x_wconf 89' lang='grc'>85,</span> <span class='ocrx_word' id='word_1_386' title='bbox 998 4084 1027 4127; x_wconf 91' lang='lat'>2:</span> <span class='ocrx_word' id='word_1_387' title='bbox 1051 4067 1238 4128; x_wconf 86' lang='lat' dir='ltr'>clementiam</span> <span class='ocrx_word' id='word_1_388' title='bbox 1260 4069 1374 4128; x_wconf 88' lang='lat' dir='ltr'>victoris</span> <span class='ocrx_word' id='word_1_389' title='bbox 1396 4085 1451 4144; x_wconf 89' lang='lat' dir='ltr'>pro</span> <span class='ocrx_word' id='word_1_390' title='bbox 1474 4083 1535 4126; x_wconf 87' lang='lat' dir='ltr'>sua</span> 
     </span>
     <span class='ocr_line' id='line_1_38' title="bbox 276 4168 1533 4248; baseline 0.001 -22"><span class='ocrx_word' id='word_1_391' title='bbox 276 4169 381 4227; x_wconf 91' lang='lat' dir='ltr'>virtute</span> <span class='ocrx_word' id='word_1_392' title='bbox 406 4169 651 4245; x_wconf 86' lang='lat' dir='ltr'>interpretabatur</span> <span class='ocrx_word' id='word_1_393' title='bbox 672 4168 699 4246; x_wconf 85' lang='lat' dir='ltr'>(i.</span> <span class='ocrx_word' id='word_1_394' title='bbox 722 4189 747 4229; x_wconf 91' lang='lat' dir='ltr'>e.</span> <span class='ocrx_word' id='word_1_395' title='bbox 771 4172 956 4230; x_wconf 89' lang='lat' dir='ltr'>clementiam</span> <span class='ocrx_word' id='word_1_396' title='bbox 983 4171 1099 4231; x_wconf 89' lang='lat' dir='ltr'>victoris</span> <span class='ocrx_word' id='word_1_397' title='bbox 1122 4169 1257 4230; x_wconf 86' lang='lat' dir='ltr'>Caesaris</span> <span class='ocrx_word' id='word_1_398' title='bbox 1279 4181 1339 4229; x_wconf 87' lang='lat' dir='ltr'>non</span> <span class='ocrx_word' id='word_1_399' title='bbox 1361 4186 1415 4248; x_wconf 93' lang='lat' dir='ltr'>pro</span> <span class='ocrx_word' id='word_1_400' title='bbox 1436 4170 1533 4228; x_wconf 90' lang='lat' dir='ltr'>bene·</span> 
     </span>
     <span class='ocr_line' id='line_1_39' title="bbox 276 4270 1615 4358; baseline 0.001 -30"><span class='ocrx_word' id='word_1_401' title='bbox 276 4270 342 4330; x_wconf 87' lang='lat' dir='ltr'>licio</span> <span class='ocrx_word' id='word_1_402' title='bbox 363 4270 503 4340; x_wconf 89' lang='lat' dir='ltr'>habebat,</span> <span class='ocrx_word' id='word_1_403' title='bbox 531 4270 583 4330; x_wconf 90' lang='lat' dir='ltr'>sed</span> <span class='ocrx_word' id='word_1_404' title='bbox 605 4288 637 4330; x_wconf 92' lang='lat' dir='ltr'>se</span> <span class='ocrx_word' id='word_1_405' title='bbox 658 4271 761 4331; x_wconf 89' lang='lat' dir='ltr'>virtute</span> <span class='ocrx_word' id='word_1_406' title='bbox 788 4290 882 4332; x_wconf 88' lang='lat' dir='ltr'>suaa</span> <span class='ocrx_word' id='word_1_407' title='bbox 905 4271 1032 4358; x_wconf 80' lang='lat' dir='ltr'>Caesare</span> <span class='ocrx_word' id='word_1_408' title='bbox 1054 4273 1190 4349; x_wconf 89' lang='lat' dir='ltr'>spectata</span> <span class='ocrx_word' id='word_1_409' title='bbox 1214 4290 1280 4331; x_wconf 90' lang='lat' dir='ltr'>eam</span> <span class='ocrx_word' id='word_1_410' title='bbox 1308 4273 1448 4332; x_wconf 88' lang='lat' dir='ltr'>meruisse</span> <span class='ocrx_word' id='word_1_411' title='bbox 1470 4271 1534 4329; x_wconf 90' lang='lat' dir='ltr'>dici</span> <span class='ocrx_word' id='word_1_412' title='bbox 1614 4319 1615 4330; x_wconf 68' lang='grc'>,</span> 
     </span>
     <span class='ocr_line' id='line_1_40' title="bbox 277 4370 1535 4452; baseline 0.001 -23"><span class='ocrx_word' id='word_1_413' title='bbox 277 4370 412 4448; x_wconf 84' lang='lat' dir='ltr'>volebat).</span> <span class='ocrx_word' id='word_1_414' title='bbox 448 4371 493 4432; x_wconf 85' lang='lat' dir='ltr'>ct</span> <span class='ocrx_word' id='word_1_415' title='bbox 516 4373 595 4449; x_wconf 91' lang='lat' dir='ltr'>Sulp.</span> <span class='ocrx_word' id='word_1_416' title='bbox 618 4372 681 4432; x_wconf 91' lang='lat' dir='ltr'>Sev.</span> <span class='ocrx_word' id='word_1_417' title='bbox 702 4373 804 4435; x_wconf 89' lang='lat' dir='ltr'>chron.</span> <span class='ocrx_word' id='word_1_418' title='bbox 827 4391 853 4446; x_wconf 91' lang='lat'>2,</span> <span class='ocrx_word' id='word_1_419' title='bbox 876 4390 927 4452; x_wconf 88' lang='lat'>40,</span> <span class='ocrx_word' id='word_1_420' title='bbox 952 4392 977 4433; x_wconf 87' lang='lat'>1:</span> <span class='ocrx_word' id='word_1_421' title='bbox 999 4375 1069 4452; x_wconf 92' lang='lat' dir='ltr'>quin</span> <span class='ocrx_word' id='word_1_422' title='bbox 1091 4377 1179 4435; x_wconf 90' lang='lat' dir='ltr'>etiarn</span> <span class='ocrx_word' id='word_1_423' title='bbox 1202 4374 1347 4452; x_wconf 92' lang='lat' dir='ltr'>synodum</span> <span class='ocrx_word' id='word_1_424' title='bbox 1364 4374 1535 4434; x_wconf 88' lang='lat' dir='ltr'>Nicaenam</span> 
     </span>
     <span class='ocr_line' id='line_1_41' title="bbox 278 4475 1419 4553; baseline 0.004 -22"><span class='ocrx_word' id='word_1_425' title='bbox 278 4491 331 4551; x_wconf 90' lang='lat' dir='ltr'>pro</span> <span class='ocrx_word' id='word_1_426' title='bbox 354 4492 385 4534; x_wconf 92' lang='lat' dir='ltr'>se</span> <span class='ocrx_word' id='word_1_427' title='bbox 407 4475 640 4551; x_wconf 86' lang='lat' dir='ltr'>interpretantes.</span> <span class='ocrx_word' id='word_1_428' title='bbox 664 4505 705 4519; x_wconf 95' lang='lat'>-</span> <span class='ocrx_word' id='word_1_429' title='bbox 728 4475 924 4553; x_wconf 81' lang='lat' dir='ltr'>Interpretari</span> <span class='ocrx_word' id='word_1_430' title='bbox 942 4478 1092 4537; x_wconf 90' lang='lat' dir='ltr'>victoriam</span> <span class='ocrx_word' id='word_1_431' title='bbox 1115 4483 1147 4534; x_wconf 90' lang='lat' dir='ltr'>ut</span> <span class='ocrx_word' id='word_1_432' title='bbox 1167 4495 1251 4537; x_wconf 89' lang='lat' dir='ltr'>suam</span> <span class='ocrx_word' id='word_1_433' title='bbox 1274 4492 1299 4548; x_wconf 90' lang='lat'>2,</span> <span class='ocrx_word' id='word_1_434' title='bbox 1322 4476 1371 4548; x_wconf 92' lang='lat'>80,</span> <span class='ocrx_word' id='word_1_435' title='bbox 1393 4492 1419 4535; x_wconf 90' lang='lat'>2.</span> 
     </span>
    </p>
   </div>
   <div class='ocr_carea' id='block_1_3' title="bbox 0 0 1649 5016">
    <p class='ocr_par' dir='ltr' id='par_1_11' title="bbox 0 0 1649 5016">
     <span class='ocr_line' id='line_1_42' title="bbox 0 0 1649 5016; baseline 0 0"><span class='ocrx_word' id='word_1_436' title='bbox 0 0 1649 5016; x_wconf 95' lang='lat' dir='ltr'> </span> 
     </span>
    </p>
   </div>
  </div>
 </body>
</html>
