3268 5016
220 463 265 518 est
286 459 356 520 vitia
372 455 422 516 illa
445 454 632 518 attribuenda
650 473 714 515 esse
736 456 897 516 maximam
915 463 1031 531 partem
1049 455 1139 513 aetati
1158 454 1271 532 Velleji,
1294 474 1353 534 qua
1376 472 1394 514 a
1412 473 1479 533 per·

224 559 302 620 lecta
322 566 353 618 et
373 559 519 636 perpolita
540 558 667 618 dictione
689 557 885 621 Ciceroniana
907 557 1003 632 magis
1026 557 1181 633 magisque
1204 573 1354 616 recessum
1376 566 1428 616 est.

306 658 381 720 Tres
403 660 588 736 potissimum
609 678 715 720 causas
732 659 859 722 Kritzius
882 658 1019 742 affirmat,
1032 676 1063 717 se
1081 658 1232 736 reperisse,
1254 658 1359 733 quibus
1376 665 1479 735 pateat

224 760 396 842 Vellejanae
422 761 580 822 elocutioni
602 761 797 846 elegantiam,
826 779 918 838 quam
945 759 1029 845 multi
1051 761 1222 836 interpretes
1244 761 1275 818 in
1297 778 1334 820 ea
1357 759 1478 819 laudare

220 881 281 922 non
299 863 502 939 dubitaverint,
525 864 612 922 tribui
629 881 690 923 non
711 881 808 939 posse.
854 861 985 922 Primum
1006 863 1096 931 eninr,
1119 861 1198 933 dicit,
1222 854 1352 939 Vellejus
1374 861 1479 938 hyper·

221 963 347 1024 bolicam
369 964 451 1022 illam
474 964 589 1024 dicendi
611 965 756 1024 rationem
774 972 920 1036 sectatur,
948 982 1008 1040 qua
1029 963 1060 1021 iri
1086 964 1174 1023 rebus
1196 963 1393 1038 significandis
1415 981 1479 1022 mo·

220 1065 291 1125 dum
313 1066 428 1126 excedit
449 1073 479 1125 et
503 1066 598 1125 verbis
620 1067 710 1124 utitur
737 1065 776 1126 ad
803 1065 973 1126 alliciendos
1005 1066 1129 1125 lectores
1157 1065 1242 1124 nimis
1270 1064 1428 1143 splendidis
1450 1074 1479 1124 et

220 1167 259 1225 ab
282 1169 403 1246 antiqua
421 1169 606 1244 simplicitate
627 1168 716 1243 longe
734 1168 949 1227 recedentibus.
985 1167 1073 1226 Aliud
1098 1167 1203 1245 Velleji
1230 1169 1343 1237 vitium,
1367 1167 1478 1225 Kritzio

216 1268 332 1344 judice,
353 1269 384 1330 in
411 1287 448 1328 eo
474 1271 615 1341 cernitur,
646 1269 727 1346 quod
754 1271 784 1330 in
806 1271 952 1330 sententia
980 1270 1085 1332 eadem
1112 1268 1242 1347 plurimis
1268 1267 1364 1327 modis
1387 1285 1475 1328 enun-

221 1365 322 1429 tia'nda
344 1371 444 1448 itaque
469 1371 612 1432 varianda
633 1372 813 1442 orationem,
841 1366 931 1449 quam
954 1390 1060 1431 ornare
1082 1371 1179 1431 studet
1200 1362 1336 1445 scriptor}
1360 1379 1480 1428 enervet

155 1495 158 1500 ⁸
221 1477 312 1547 atque
329 1473 515 1544 ¹deteriorem
548 1473 662 1536 reddat.
711 1473 814 1546 Quare
844 1474 1017 1534 brevitatem
1049 1472 1177 1541 dicendi,
1209 1489 1300 1547 quam
1330 1473 1478 1548 propriam

220 1591 286 1632 esse
313 1573 416 1652 Velleji
448 1576 531 1636 multi
556 1576 736 1653 putaverint,
769 1575 876 1634 frustra
903 1576 1011 1656 quaeri
1031 1575 1062 1654 in
1088 1573 1137 1634 illo
1164 1573 1290 1632 Kritzius
1317 1572 1478 1632 contendit.

221 1673 323 1736 Tertia
350 1675 477 1752 denique
503 1696 607 1748 causa,
634 1667 728 1756 iirquit
753 1674 895 1748 Kri'tzius,
926 1695 1003 1754 quae
1029 1675 1179 1752 perlectae
1209 1676 1304 1750 operis
1333 1674 1478 1753 Vellejani

221 1776 335 1836 formae
356 1779 458 1849 obluit,
481 1779 715 1842 infestinatione
737 1779 834 1855 posita
850 1788 903 1857 est,
927 1795 1005 1855 quae
1026 1795 1118 1853 quum
1140 1777 1298 1854 plurimum
1320 1776 1417 1836 valeat
1439 1777 1479 1838 ad

221 1879 423 1940 excusandum
444 1881 626 1958 scriptorem,
649 1887 749 1940 tamen
771 1881 942 1957 saepissime
960 1879 1118 1954 caliginem
1142 1877 1302 1962 quandam¹
1315 1879 1478 1938 sententiae

186 2045 188 2054 y
220 1979 338 2040 inducit.
382 1981 468 2042 Haec
490 1982 632 2043 hactenus
655 1982 790 2042 Kritzius.

226 2067 228 2070 ⁵
305 2079 399 2142 Nobis
417 2089 517 2144 autern
540 2083 601 2144 sine
623 2085 666 2143 ira
688 2092 718 2142 et
739 2083 1025 2162 studiopsermonem
1048 2081 1233 2160 Vellejanum
1256 2083 1477 2142 aestimantibus

220 2191 290 2243 ante
312 2184 414 2243 omnia
436 2184 682 2258 considerandum
704 2192 751 2244 est
772 2184 921 2261 scripsisse
945 2183 1091 2262 Vellejum
1114 2202 1151 2242 ea
1173 2193 1284 2256 aetate,
1312 2201 1372 2262 qua
1392 2193 1426 2242 ut
1448 2185 1478 2242 in

220 2283 372 2362 republica
394 2291 423 2344 et
449 2286 479 2345 in
501 2287 631 2345 moribus
652 2285 722 2370 nihil
746 2285 807 2345 lere
829 2286 967 2362 pristinae
989 2285 1122 2345 sanitatis
1144 2293 1174 2344 et
1200 2286 1312 2345 roboris
1334 2284 1478 2362 reliquum

220 2394 296 2458 erat,
329 2388 372 2460 ita
400 2388 429 2446 in
455 2387 557 2447 litteris
587 2405 706 2465 quoque
736 2387 869 2447 sanitatis
900 2387 949 2446 ille
979 2385 1072 2456 color,
1104 2405 1192 2465 quern
1219 2387 1250 2472 in
1281 2387 1478 2464 superioribus

220 2487 410 2566 scriptoribus
441 2490 471 2548 in
494 2489 595 2566 primis
616 2489 646 2548 in
669 2488 813 2550 Cicerone
840 2496 995 2570 tantopere
1020 2489 1214 2561 admiramur,
1241 2489 1384 2570 paulatim
1401 2493 1478 2548 'eva-

221 2597 333 2651 nuerat.
370 2591 461 2672 Cujus
482 2592 524 2650 rei
546 2595 638 2651 causa
659 2610 679 2651 a
703 2598 886 2651 commutata
908 2593 1092 2670 potissimum
1114 2591 1267 2668 disciplina
1289 2591 1411 2650 civitatis
1433 2609 1479 2649 re·

220 2685 349 2768 petenda
370 2701 425 2751 est.
469 2691 570 2764 Quum
598 2693 676 2751 enim
698 2692 861 2752 Caesarum
883 2692 1077 2752 dominationi
1098 2691 1264 2769 respublica
1285 2693 1416 2770 subjecta
1434 2709 1479 2750 es·

221 2799 278 2862 set,
302 2793 363 2864 lieri
386 2812 446 2853 non
467 2801 597 2870 poterat,
621 2795 691 2870 quin
714 2800 844 2854 mutatus
870 2794 1048 2870 reipublicae
1069 2801 1163 2854 status
1189 2811 1333 2870 magnam
1355 2794 1413 2852 vim
1440 2791 1479 2851 ad

142 2905 143 2909 ’
221 2902 299 2954 artes
321 2903 350 2953 et
372 2894 483 2954 litteras
506 2895 646 2955 colendas
668 2895 791 2955 haberet
812 2904 841 2954 et
863 2895 1043 2972 eloquentia,
1066 2914 1144 2972 quae
1165 2897 1346 2974 temporibus
1368 2895 1479 2955 liberae
1521 2944 1523 2949 .

220 2994 398 3072 reipublicae
419 2997 449 3055 in
471 2997 583 3055 honore
604 3004 694 3069 esset,
719 2997 758 3056 ad
780 2997 1009 3057 ostentationem
1031 3006 1060 3056 et
1082 2996 1239 3057 blanditias
1262 2997 1456 3056 delaberetur.

228 3123 231 3129 ·
306 3099 411 3176 Itaque
433 3098 473 3156 H.
491 3093 650 3176 Sa‘uppius,
673 3117 855 3176 quamquam
873 3100 955 3170 vitia,
979 3099 1084 3176 quibus
1106 3101 1202 3160 oratio
1220 3100 1374 3177 Vellejana
1395 3098 1479 3157 labo·

221 3203 278 3269 ret,
301 3199 454 3282 intellexit,
477 3201 587 3278 optime
613 3208 643 3259 et
662 3201 822 3278 justissime
845 3200 882 3259 de
903 3218 940 3259 ea
964 3200 1109 3279 judicasse
1127 3201 1197 3260 mihi
1219 3201 1340 3271 videtur,
1363 3201 1388 3259 si
1410 3199 1479 3257 dicit

221 3293 355 3378 (p.179):
378 3303 434 3371 ,lm
453 3300 577 3372 Ganzen
597 3288 707 3379 jedoch
726 3303 762 3361 ist
785 3302 832 3361 die
849 3302 978 3379 Sprache
995 3303 1056 3361 rein
1079 3302 1140 3361 und
1157 3301 1302 3371 fliessend,
1325 3302 1379 3361 mit
1401 3301 1478 3360 allen

221 3401 365 3488 Mingeln
383 3403 445 3461 und
459 3402 618 3478 Vorziigen
636 3404 687 3464 des
706 3404 877 3480 damaligen
894 3403 1074 3474 Ausdrncks.
1108 3402 1206 3462 Bilder
1223 3404 1284 3462 und
1303 3402 1478 3479 Witrspiele,

221 3501 394 3563 Antithesen
416 3503 477 3564 und
498 3504 673 3576 Sentenzen,
696 3507 845 3582 poetischc
867 3505 969 3566 Worte
990 3505 1052 3565 und
1073 3512 1209 3581 gewagte
1233 3505 1479 3584 Gedankenwen·

221 3604 354 3680 dungen,
378 3606 467 3692 kurze
488 3607 679 3682 abgerissene
700 3607 786 3667 Saitae
806 3607 956 3667 bemiihen
978 3608 1053 3678 sich,
1081 3607 1128 3666 die
1151 3607 1391 3686 abgesturnplten
1418 3605 1479 3664 und

222 3706 402 3765 iiberreizten
426 3706 540 3768 Geister
567 3728 602 3766 zu
630 3727 720 3768 neuer
741 3709 939 3769 Theilnahme
965 3708 1162 3784 aulzuregen.‘
1188 3783 1190 3788 Ι
1211 3709 1321 3768 Videas
1352 3723 1479 3784 quoquc,

220 3806 292 3882 quid
311 3808 422 3890 judicet
445 3809 482 3867 de
504 3808 618 3887 Vellejo
639 3809 811 3888 Bernhardy
832 3812 861 3870 in
883 3811 984 3870 Litter.
1003 3810 1131 3870 Roman.
1153 3825 1251 3894 p.·72·2
1274 3808 1353 3888 (edit.
1371 3808 1427 3882 V.).

307 3908 410 3981 Quum
436 3917 536 3970 autern
560 3910 689 3989 Vellejus
715 3913 934 3989 antiquissimus
961 3911 998 3971 sit
1025 3901 1212 3991 scriptorum,
1244 3913 1294 3990 qui
1325 3919 1477 3987 argentea,

220 4028 300 4088 quae
322 4022 455 4082 vocatur,
487 4019 584 4071 aetate
606 4013 756 4073 historiam
784 4021 1012 4090 composuerunt
1035 4023 1064 4072 et
1087 4033 1178 4090 quum
1200 4032 1237 4073 ex
1260 4031 1297 4073 eo
1319 4012 1478 4094 clarissim-e

222 4111 414 4190 intelligatur,
443 4121 587 4190 quantum
614 4115 784 4192 aperlecta
811 4123 840 4175 et
866 4115 1011 4192 perpolita
1039 4115 1181 4188 dictione,
1208 4135 1299 4194 quam
1325 4116 1355 4174 in
1382 4115 1479 4191 reipu·

222 4212 319 4272 blicae
340 4213 451 4299 liberae
476 4215 665 4294 scriptoribus
692 4217 884 4289 admiramur,
912 4235 1060 4278 recessum
1083 4218 1132 4289 sit,
1156 4217 1410 4295 operaepretium
1435 4215 1479 4274 fa·

219 4301 321 4376 cturus
339 4318 411 4397 milri
428 4317 557 4390 videbar,
580 4319 604 4378 si
627 4319 663 4379 de
681 4321 847 4406 elocutione
864 4321 926 4397 ejus
944 4319 1087 4380 nonnulla
1105 4338 1253 4398 exponere
1271 4331 1403 4379 conarer.
1440 4315 1479 4375 Et

220 4434 405 4494 quamquam
422 4419 624 4502 intelligebam
642 4420 720 4481 hanc
742 4439 804 4480 rem
822 4427 852 4480 et
873 4421 998 4481 multum
1016 4421 1192 4482 difficultatis
1209 4401 1368 4480 habere'et
1385 4418 1479 4479 multo
