3268 5016
164 1271 240 1373 nn
270 1272 632 1375 ELOCUTIONE
661 1277 717 1376 u.
747 1237 1352 1384 vatnaurlrsrcuu.
1422 1193 1425 1199 ³

699 1509 824 1548 semusta

541 1615 748 1722 usuircus
771 1636 971 1698 osorum.

214 1939 262 1998 Ad
284 1941 478 2000 elocutionem
501 1941 543 2000 M.
567 1943 671 2020 Velleji
691 1942 838 2001 Paterculi
860 1942 884 2001 si
907 1943 1038 2002 animum
1061 1942 1252 2013 attendimus
1276 1946 1386 2004 inveni·

126 2057 193 2100 mus
212 2041 249 2100 de
267 2059 303 2101 ea
317 2043 355 2102 ab
370 2043 433 2104 aliis
451 2044 535 2104 aliter
550 2043 713 2122 judicatum
731 2061 805 2104 esse.
833 2043 1013 2130 Exstiterunt
1031 2044 1110 2104 enim
1129 2063 1189 2107 non
1207 2046 1304 2108 solum
1323 2047 1385 2124 ejus

23 2188 25 2217 ,
125 2141 307 2215 laudatores,
339 2145 392 2204 sed
419 2147 509 2205 etiam
536 2146 682 2216 nonnulli,
713 2146 764 2222 qui
790 2164 857 2206 eam
883 2146 1071 2206 vehementer
1097 2145 1303 2224 vituperarent.
1349 2150 1385 2208 In

21 2258 24 2339 J
125 2262 249 2306 numero
276 2254 375 2306 autem
402 2248 627 2323 vituperantium
654 2248 788 2324 princeps
815 2247 869 2306 fuit
896 2247 989 2306 Aldus
1003 2247 1116 2326 'Nepos
1142 2244 1192 2324 (ad
1214 2247 1316 2330 Vellej.
1345 2250 1384 2320 ΙΙ,

124 2360 167 2420 52,
186 2347 224 2423 4),
246 2349 294 2408 cui
315 2350 514 2410 assentiuntur
534 2350 670 2409 Barthius
687 2347 727 2424 (in
746 2349 866 2410 Advers.
885 2349 968 2418 XVI,
987 2362 1003 2424 7
1025 2348 1072 2408 ed.
1091 2347 1228 2408 Francos.
1250 2347 1333 2426 1648)
1355 2359 1384 2410 et

124 2445 157 2504 P.
179 2446 366 2509 Burmannus
388 2448 428 2524 (in
450 2450 576 2510 Praeiat
604 2451 733 2510 adedit.
757 2446 885 2528 Vellei),
918 2451 1024 2526 quibus
1052 2467 1150 2511 sermo
1173 2450 1342 2527 Vellejanus
1365 2468 1384 2508 a

124 2549 268 2608 munditia
291 2550 435 2626 Augustei
457 2553 522 2610 aevi
540 2552 695 2613 descivisse
717 2553 794 2611 visus
817 2561 870 2614 est.
905 2551 964 2610 Sed
986 2557 1163 2627 argumenta
1183 2550 1299 2610 illorum
1317 2552 1384 2610 hre-

123 2651 196 2708 viter
226 2658 256 2710 et
282 2652 394 2727 optime
419 2652 554 2712 refutavit
575 2653 650 2712 Dav.
673 2653 866 2714 Ruhnkenius
887 2651 927 2730 (in
952 2653 1139 2718 Praelatione
1160 2671 1190 2728 p.
1213 2651 1305 2727 XX.),
1330 2639 1382 2713 do·

15 2785 16 2814 r
123 2752 269 2812 ctissimus
291 2752 340 2811 ille
360 2753 512 2814 latinitatis
534 2756 729 2824 existimator,
757 2755 871 2834 Vellejo
894 2761 1058 2825 ‚venustum
1080 2761 1110 2814 et
1137 2746 1311 2830 exquisitum
1339 2753 1382 2814 lo·

14 2855 15 2862 ’
122 2854 232 2930 quendi
258 2858 363 2930 genus‘
389 2857 558 2916 attribuens.
602 2857 754 2916 Summam
778 2865 878 2916 autem
899 2856 1018 2916 laudem
1044 2864 1163 2933 propter
1185 2854 1300 2913 dicendi
1322 2855 1380 2924 ele·

123 2957 256 3030 gantiam
281 2957 396 3034 Vellejo
417 2939 638 3033 impertiverunt
659 2967 776 3035 praeter
795 2958 1004 3018 Ruhnkenium
1026 2956 1135 3016 Beatus
1157 2957 1320 3016 Rhenanus
1342 2953 1380 3032 (in

123 3057 307 3118 Praefatione
324 3059 371 3119 ed.
389 3058 487 3136 Frob.)
509 3060 665 3137 ,Vellejum
688 3059 759 3119 nulli
782 3060 857 3119 inter
879 3060 985 3118 latinos
1012 3056 1184 3126 secundum,
1207 3063 1321 3116 castum
1344 3076 1380 3116 ac
1494 3088 1497 3094 ‚

123 3159 256 3218 nitidum‘
287 3160 400 3231 dicens;
434 3161 504 3221 Ger.
532 3143 592 3239 Jos.
621 3162 744 3220 Vossius
770 3158 817 3235 (de
844 3160 910 3219 hist.
940 3159 1020 3218 latin.
1046 3158 1096 3216 lib.
1122 3157 1147 3215 1.
1173 3174 1239 3234 cap.
1267 3158 1380 3216 XXIV.

121 3279 149 3336 p.
170 3261 240 3339 120),
263 3264 313 3339 qui
331 3264 458 3324 affirmat
480 3263 638 3323 dictionem
660 3262 749 3337 plane
768 3262 938 3321 Romanam
960 3268 990 3320 et
1007 3259 1175 3336 elegantem
1198 3273 1275 3327 esse;
1298 3257 1381 3318 Mar·

122 3379 173 3420 cus
195 3362 342 3440 Antonius
364 3365 500 3424 Muretus
521 3362 570 3438 (ad
593 3363 685 3423 Cicer.
708 3372 782 3423 orat.
805 3365 834 3422 in
857 3362 923 3421 Cat.
947 3362 1002 3433 III,
1028 3359 1085 3435 10),
1108 3359 1244 3430 idoneus,
1268 3358 1292 3418 si
1315 3361 1380 3435 quis

15 3449 20 3462 ⁸
122 3464 207 3535 alius,
234 3465 319 3543 hujus
346 3467 387 3525 rei
414 3468 537 3542 arbiter,
563 3466 613 3542 qui
639 3465 790 3525 historiam
818 3482 837 3523 a
864 3463 978 3541 Vellejo
1000 3470 1076 3523 terse
1102 3464 1132 3522 in
1161 3461 1262 3538 primis
1289 3469 1379 3536 atque

120 3564 273 3642 eleganter
295 3567 471 3643 explicatam
493 3587 558 3628 esse
578 3567 698 3645 judicat
1051 3551 1052 3556 ἵ

181 3745 184 3752 .
204 3661 316 3728 Nostra
332 3669 452 3728 demum
470 3677 568 3730 aetate
582 3670 622 3728 H.
636 3670 782 3745 Sauppius
800 3667 831 3727 in
848 3667 955 3726 Museo
972 3665 1175 3726 Helvetiorum
1192 3655 1290 3740 (Tom.
1310 3663 1333 3732 Ι,
1352 3679 1377 3720 2.

120 3783 151 3846 p.·
159 3783 206 3846 177
220 3770 294 3849 sqq.)
303 3780 332 3830 et
345 3771 379 3830 F.
388 3770 515 3831 Kritzius
529 3771 790 3846 inProlegomenis
801 3770 840 3830 ad
849 3769 1008 3828 editionem
1018 3766 1205 3843 Vellejanam
1214 3763 1253 3842 (p.
1262 3764 1376 3824 XLVII

120 3867 202 3946 sqq),
224 3874 276 3931 viri
295 3874 462 3944 doctissimi,
485 3875 653 3949 opinionem
672 3891 785 3942 eorum,
804 3871 854 3947 qui
876 3871 1022 3949 putabant
1039 3868 1186 3944 Vellejum
1208 3882 1295 3924 usum
1313 3881 1377 3923 esse

120 3973 252 4032 oratione
274 3975 429 4049 praeclara
450 3984 480 4034 et
501 3975 593 4050 polita
620 3983 716 4051 atque·
732 3973 862 4050 eleganti
884 3990 1011 4048 eumque
1039 3970 1179 4045 scriptore
1201 3965 1290 4025 nullo.
1304 3963 1377 4022 infe·

118 4075 226 4134 riorem
249 4093 313 4134 esse
335 4075 468 4134 refellere
494 4077 593 4136 conati
619 4084 696 4136 sunt.
740 4075 932 4150 Quamquam
960 4080 1074 4140 autem,
1101 4086 1178 4146 quae
1204 4074 1249 4126 est
1271 4065 1376 4123 mentis

118 4176 197 4236 acies
220 4185 250 4236 et
272 4177 302 4236 in
325 4177 434 4245 haere
454 4177 615 4255 judicanda
636 4177 796 4236 auctoritas
819 4176 934 4236 illorum
958 4175 1098 4242 virorum,
1121 4168 1276 4244 exemplis,
1298 4182 1376 4242 quae

119 4277 158 4336 ad
181 4262 435 4354 comprobandam
458 4279 633 4338 sententiam
656 4296 741 4337 suam
763 4277 962 4347 contulerunt,
984 4273 1133 4333 evidenter
1155 4270 1375 4329 demonstrave-

119 4389 185 4438 runt
218 4380 322 4458 Velleji
349 4380 546 4441 elocutionem
573 4379 672 4439 multis
699 4380 835 4439 laborare
861 4379 949 4448 vitiis,
978 4385 1079 4436 tamen
1106 4371 1228 4433 concedi
1254 4385 1375 4429 necesse

1158 4488 1169 4518 1
