3268 5016
739 280 1009 366 -10-'

216 496 324 559 cabulo
346 495 527 574 adjungitur,
556 494 634 554 velut
661 509 732 551 ann.
755 507 783 561 2,
807 507 855 566 55:
878 491 1052 552 'exercitium
1085 491 1230 567 equitum;
1258 505 1290 564 3,
1315 501 1364 562 331
1392 505 1474 546 exer·

216 597 316 658 citium
340 589 619 671 cohortiumlGell„
644 591 767 669 Veget).
1192 648 1212 666 .,
1514 591 1515 596 ’

301 699 466 758 Exsecutor
496 715 566 764 eum
596 695 754 770 significat,
786 694 836 770 qui
868 691 978 770 aliquid
1008 695 1178 768 exsequitur
1204 693 1222 751 i.
1248 710 1274 750 e.
1300 693 1418 767 perficit
1446 706 1472 760 2,

216 814 261 875 45,
282 817 307 858 11
325 800 358 857 P.
377 798 497 857 Clodius
515 797 661 855 malorum
679 798 896 872 propositorum
914 804 1068 854 exsecutor
1089 795 1257 856 acerrimus.
1291 794 1380 870 Apud
1399 792 1472 869 juris

217 895 366 960 consultos
389 900 506 976 ponitur
528 918 580 974 pro
603 900 781 973 appcrctare,
809 903 955 966 exactare,
982 915 1059 973 quae
1086 895 1260 970 significatio
1282 895 1312 954 in
1338 895 1471 970 linguam

216 1001 426 1062 Germanicam
457 983 673 1074 transmigravit
699 994 905 1074 (,Executor‘).
949 997 1037 1074 Apud
1063 997 1234 1057 Suetonium
1261 996 1387 1056 eandem
1414 995 1472 1068 vim

215 1075 316 1175 habet,
339 1119 429 1179 quam
446 1104 576 1177 punitor,
595 1103 682 1171 ulter,
701 1108 732 1157 ut
751 1100 840 1175 Vesp.
860 1115 906 1172 14:
924 1098 1102 1158 offensarum
1122 1099 1398 1173 inimicitiarumque
1419 1096 1473 1153 mi·

215 1205 295 1264 nime
317 1221 430 1263 memor
452 1210 636 1262 executorve.

261 1321 262 1326 ¹
298 1305 459 1364 Intellectus
485 1321 539 1380 pro
565 1306 755 1378 intellegentia
778 1312 807 1362 et
832 1306 992 1378 cognitione
1010 1303 1029 1361 i.
1057 1321 1083 1361 e.
1105 1305 1216 1378 peritia
1243 1304 1274 1358 in
1300 1298 1386 1360 re'bus
1408 1305 1470 1376 arte

208 1409 306 1488 factat
328 1404 515 1483 (Germanice
537 1405 674 1464 vertimus
697 1403 915 1480 ,Geschmack‘)
935 1405 1039 1463 dicitur
1061 1422 1081 1474 1,
1107 1421 1147 1478 13,
1170 1419 1201 1478 51
1228 1402 1325 1477 magis
1347 1387 1401 1476 pro
1423 1418 1470 1458 re·

216 1508 334 1584 publica
365 1507 419 1568 fuit
449 1523 570 1566 manere
597 1504 694 1565 adhuc
721 1505 825 1565 rudem
852 1505 1070 1566 Corinthiorum
1096 1505 1290 1572 intellectum,
1322 1521 1413 1578 quam
1440 1502 1472 1560 in

214 1617 330 1668 tantum
357 1626 393 1668 ea
407 1629 409 1636 ·
423 1608 554 1682 intelligi.
592 1607 787 1677 Posteriores,
811 1616 843 1665 ut
864 1608 931 1666 Sen.
953 1608 1032 1684 phil,
1054 1606 1128 1666 Plin.
1151 1608 1233 1683 maj„
1257 1604 1373 1677 Quinc,
1396 1604 1470 1664 Tac.

216 1711 294 1769 hanc
316 1727 419 1769 vocem
443 1727 497 1768 usu
515 1718 689 1785 receperunt
711 1718 740 1768 et
761 1727 816 1785 pro
837 1692 1029 1784 intelligentia
1056 1707 1226 1786 saepissime
1249 1713 1473 1782 usurpaverunt.

299 1811 488 1885 Interempter
518 1828 573 1887 pro
595 1811 702 1870 usitato
729 1811 873 1870 vocabulo
900 1804 1108 1890 interfectores,
1131 1809 1211 1886 quod
1237 1807 1468 1882 inveniesapud

216 1914 360 1991 Vellejum
378 1929 403 1983 2,
421 1912 468 1987 58,
489 1926 521 1986 3;
543 1927 569 1984 2,
592 1911 636 1989 87,
660 1929 686 1986 3,
709 1913 825 1988 ponitur
847 1928 872 1982 2,
897 1928 960 1987 129,
986 1929 1011 1970 11
1034 1929 1094 1988 qua
1115 1909 1271 1988 prudentia
1292 1907 1470 1984 Rhascupo-

215 2015 275 2085 lim,
294 2016 533 2089 interemptorem
552 2013 648 2072 lratris
666 2014 719 2085 sui,
734 2015 866 2073 evocavit
882 2013 959 2089 (Val.
973 2011 1054 2071 Max.
1072 2012 1100 2083 6,
1120 2029 1142 2082 1,
1161 2025 1189 2084 2;
1208 2011 1275 2071 Seu.
1293 2029 1339 2087 ep.
1357 2014 1404 2084 70',
1421 2025 1467 2082 141

214 2115 305 2174 Treb.
333 2114 405 2173 Poll.
431 2115 497 2189 trig.
523 2124 577 2191 tyr.
598 2115 626 2185 8,
649 2114 848 2190 7;Ῥ111113111.
875 2116 953 2174 cath.
982 2131 1021 2186 12,
1045 2129 1116 2188 ,1141
1148 2109 1279 2190 August.
1304 2113 1333 2172 in
1363 2129 1469 2186 evang.

215 2218 321 2295 Joann.
344 2224 429 2275 tract.
453 2229 498 2292 79,
521 2214 555 2292 tl
599 2215 683 2288 Quos
704 2215 787 2280 locos
809 2215 903 2275 addas
925 2216 1024 2276 lexicis
1047 2215 1169 2276 Latinis.

300 2317 424 2385 Marcer
442 2316 585 2378 translate
603 2318 706 2378 dicitur
724 2336 778 2394 pro
795 2320 925 2394 ignauia,
944 2321 1067 2393 segnitia
1084 2299 1171 2392 (hanc
1188 2334 1291 2377 vocem
1310 2316 1348 2376 de
1364 2316 1471 2377 eodem

217 2421 307 2490 Varo,
331 2421 368 2479 de
386 2438 448 2496 quo
469 2421 516 2479 hic
538 2435 635 2480 sermo
652 2421 693 2490 lit,
717 2420 893 2492 invenisse,
918 2418 974 2491 118,
997 2417 1023 2496 2)
1044 2435 1070 2491 2,
1095 2436 1151 2495 119,
1174 2434 1204 2478 11
1227 2419 1371 2479 exercitus
1392 2435 1471 2478 mar·

215 2539 283 2580 core
305 2521 397 2592 ducis,
417 2521 542 2597 perfidia
564 2521 665 2592 hostis,
688 2521 842 2597 iniquitate
865 2521 1002 2580 fortunae
1024 2522 1246 2580 circumventus.
1289 2519 1412 2596 Propria
1433 2522 1471 2581 si·

215 2623 403 2697 gnificatione
434 2623 509 2682 baec
536 2641 593 2682 vox
623 2611 740 2699 ponitur
767 2641 821 2699 pro
847 2625 1002 2698 languere,
1034 2630 1128 2698 tepore
1154 2622 1234 2698 apud
1260 2622 1338 2684 Cels.
1365 2639 1396 2698 3,
1418 2638 1470 2692 20;

169 2775 174 2782 .
213 2724 281 2782 Sen.
301 2732 414 2800 quaest.
434 2732 541 2798 11113,
564 2738 607 2799 17,
625 2739 655 2798 51
678 2724 750 2794 Stat.
771 2723 867 2783 Theb.
891 2739 935 2794 10,
958 2722 1016 2800 269
1034 2722 1134 2800 (turpis
1151 2739 1268 2783 marcor
1289 2743 1343 2800 pro
1365 2741 1470 2784 somno

215 2823 327 2901 exstat).
379 2825 467 2901 Apud
494 2824 567 2884 Plin.
589 2827 617 2884 h.
641 2844 670 2884 n.
697 2841 744 2896 22,
771 2841 804 2884 22
833 2822 905 2902 (46),
933 2842 973 2901 94
999 2826 1128 2885 eandem
1155 2827 1214 2884 vim
1240 2845 1355 2884 marcor
1382 2826 1470 2884 habet

214 2947 304 3005 quam
329 2930 467 3005 putredo..
506 2927 641 2988 Similiter
672 2928 802 3006 Vellejus
829 2928 918 2987 verbo
949 2929 1098 2988 maerendi
1120 2929 1210 2987 utitur
1232 2923 1266 2998 2,“
1290 2927 1345 3003 84,
1367 2943 1398 2986 2:
1431 2929 1471 2986 vi·

212 3030 303 3105 gebat
334 3031 364 3087 in
391 3030 448 3087 hac
479 3037 563 3106 parte
590 3029 674 3089 miles
705 3037 796 3106 atque
821 3031 994 3104 imperator,
1026 3029 1055 3088 in
1085 3029 1136 3089 illa
1167 3031 1339 3090 marcebant
1370 3030 1470 3088 omnia

211 3129 285 3206 (01,
305 3130 384 3207 Livi.
738 3143 743 3150 '

299 3233 439 3302 Patratia
456 3252 509 3309 pro
525 3235 697 3314 perfectione
723 3245 879 3310 usurpatur
896 3251 921 3305 2,
941 3233 988 3310 98,
1007 3249 1035 3292 11
1059 3243 1163 3310 gentes
1186 3233 1381 3298 ferocissimas
1403 3234 1467 3308 plu·

211 3335 286 3393 rimo
309 3352 377 3393 cum
399 3336 514 3394 excidio
534 3336 564 3395 in
586 3337 739 3413 pristinum
768 3338 849 3412 pacis
871 3337 985 3410 redegit
1011 3337 1134 3396 modum
1160 3338 1282 3413 ejusque
1305 3332 1394 3413 (beili)
1416 3353 1468 3411 pa·

212 3436 337 3496 tratione
359 3437 448 3495 Asiae
474 3438 660 3496 securitatem
687 3437 823 3498 reddidit.
867 3437 924 3496 Pro
950 3437 1096 3497 concubitu
1118 3439 1235 3515 ponitur
1261 3438 1318 3497 hoc
1340 3439 1468 3496 vocabu·

211 3538 273 3596 lum
295 3537 375 3613 apud
392 3537 507 3596 Theod.
526 3538 614 3597 Prisc.
632 3555 658 3607 2,
678 3556 705 3597 11
729 3540 859 3616 itemque
877 3540 1008 3600 obsceno
1025 3553 1113 3599 sensu
1136 3539 1215 3615 apud
1238 3547 1366 3599 veterem
1384 3541 1468 3599 scho-

212 3639 329 3698 liastam
352 3623 396 3698 ad¹
412 3640 492 3698 Pers.
517 3655 545 3709 1,
569 3638 601 3700 18
622 3644 752 3714 patratr'a
779 3637 832 3700 est'
850 3642 892 3700 rei
915 3642 1068 3700 Venereae
1094 3641 1237 3716 perfectio
1263 3641 1308 3701 vel
1330 3659 1467 3700 consum·

211 3741 311 3811 matio,
335 3740 414 3801 unde
436 3749 466 3800 et
488 3748 587 3818 patres
609 3741 745 3813 (1111111,
769 3743 858 3820 quod·
871 3744 1036 3819 patratione
1058 3743 1131 3821 filios
1154 3751 1318 3819 procreant.

301 3831 459 3902 Praeatatio
482 3852 582 3902 actum
604 3845 767 3920 praedandi
790 3846 934 3919 significat
948 3861 973 3914 2,
997 3860 1040 3919 73,
1064 3861 1090 3919 3:
1118 3845 1277 3904 latrociniis
1296 3853 1324 3904 et
1342 3843 1469 3921 praeda·

213 3944 340 4003 tionibus
361 3943 498 4004 infestato
520 3946 595 4004 mari
616 3944 699 4022 (Tac.
722 3964 836 4021 111113,
860 3962 909 4022 741
935 3962 1045 4022 12,19;
1070 3943 1176 4024 Laoc).

297 4046 500 4122 Praeparetur
527 4065 581 4123 pro
597 4052 822 4123 praeparatione
845 4057 940 4108 exstat
961 4063 991 4118 2,
1015 4047 1064 4122 76,
1087 4065 1118 4123 31
1150 4056 1343 4125 praeparatus
1365 4059 1468 4108 contra

211 4165 280 4206 eum
307 4147 443 4210 Caesaris
471 4149 573 4208 habuit
600 4149 668 4207 belli
695 4159 821 4221 metum;
853 4151 956 4210 Haase
983 4159 1013 4210 et
1040 4149 1132 4209 Halm
1157 4152 1273 4226 legunt:
1306 4159 1467 4228 apparatus

209 4244 296 4323 (Geli.
321 4264 364 4319 10,
389 4267 426 4321 11,
449 4248 486 4328 7).

224 4389 226 4394 ·
296 4350 453 4430 Profectus
474 4371 528 4428 pro
549 4363 725 4428 progressu,
747 4364 884 4429 processu
905 4355 985 4431 apud
1009 4354 1153 4432 Vellejum
1175 4355 1303 4431 primum
1324 4353 1468 4413 invenitur

213 4467 238 4521 1,
264 4449 310 4520 16,
333 4465 363 4509 2:
386 4452 427 4510 ita·
448 4455 571 4529 capacia
593 4455 712 4530 ingenia
734 4457 764 4517 in
786 4456 973 4516 similitudine
990 4465 1019 4515 et
1041 4465 1208 4532 temporum
1230 4463 1260 4515 et
1281 4454 1467 4531 profectuum
