3268 5016
670 347 858 406 --,..

137 524 263 605 maj0res
289 521 363 580 vires
392 519 572 588 desiderare,
599 537 691 596 quam
718 527 803 578 meae
830 526 941 589 essent,
973 517 1038 582 ideo
1066 525 1168 587 tamen
1191 521 1308 596 'suscepi
1335 520 1393 578 hoc

75 652 77 657 ¹
136 642 223 700 opus,
251 620 330 698 quod
350 620 456 698 'aliqua
485 627 523 680 eri
550 627 637 696 parte·
660 633 708 682 me
735 621 908 680 effecturum
934 612 999 680 ess'e
1019 621 1195 696 sperabant,
1228 627 1259 678 ut
1286 621 1392 680 melius

137 730 376 800 cognosceretur,
404 722 505 800 qualis.
521 728 599 783 esset
621 721 746 780 elocutio
761 721 950 802 'Vellejan'a,'
965 723 1003 780 de
1024 741 1084 798 qua
1106 723 1267 781 sententiae
1289 723 1392 782 docto-

136 844 201 884 rum
224 827 350 909 virorum
363 827 435 884 'tam
458 824 590 883 diversae
617 831 684 881 sunt
706 831 736 882 et
757 823 833 882 inter
859 841 891 882 se
914 824 1120 899 discrepantes.
1165 821 1223 882 Sed
1249 824 1390 902 quoniam

137 907 291 986 Ciceronis
308 935 337 985 et
359 925 497 986 Caesaris
519 917 626 1000 scripta
652 925 736 1000 quasi
759 917 896 1000 exempla
923 916 1015 1000 purae
1037 917 1066 984 et
1088 921 1274 1002 incorruptae
1296 927 1392 985 latini·

137 1029 205 1088 tatis
227 1019 385 1097 habentur,
405 1017 484 1086 'eam
511 1034 676 1103 sequemur
689 1025 853 1095 rationem,
867 1033 914 1084 'ut
939 1027 1079 1102 primum,
1108 1028 1213 1102 quibus
1237 1027 1391 1105 Vellejana

137 1130 264 1189 elocutio
287 1129 498 1204 abutriusq'ue
520 1120 636 1185 dicendi
658 1120 871 1186 consuetudine
889 1128 1054 1200 abhorreat,
1078 1123 1260 1204 exponamus
1281 1131 1336 1199 ita,
1359 1130 1392 1188 'ut

137 1249 214 1308 quae
236 1223 390 1302 vocabula,
404 1223 481 1287 nova
504 1221 616 1297 fecerit,
644 1229 749 1304 quibus
772 1247 881 1289 novam
908 1229 966 1288 vim
992 1223 1176 1306 imposuerit,
1203 1249 1281 1307 quae
1303 1249 1322 1288 a
1344 1249 1393 1290 su-

137 1325 301 1407 perioribus¹
321 1331 415 1405 poetis
437 1329 643 1404 desumpserit,
672 1325 755 1404 quae
771 1329 851 1405 apud
873 1331 1035 1406 superiores
1062 1331 1217 1406 scriptores
1239 1333 1269 1390 in
1291 1329 1392 1408 primis

139 1432 218 1508 apud
241 1432 408 1490 Sallustium
432 1437 462 1494 et
478 1431 594 1490 Livium
616 1433 709 1490 rarius
727 1426 920 1502 inveniantur,
943 1442 1218 1514 commemoremus,
1241 1442 1392 1509 postremo

138 1543 238 1592 autem
268 1528 412 1592 nonnulla
434 1533 646 1610 adjungamus,
678 1547 754 1610 quae
777 1533 816 1593 ad
829 1529 933 1594 'artem
958 1521 1185 1610 grammaticam
1207 1536 1392 1614 potissimum

137 1630 310 1712 pertineant.
561 1630 565 1636 ’
621 1630 624 1636 ’
936 1631 938 1636 ’
1017 1631 1032 1638 ”

140 1761 147 1767 ·
195 1763 197 1766 ·
222 1737 279 1796 Sed
301 1731 462 1812 antequam
485 1735 524 1793 ad
546 1735 650 1816 Velleji
672 1731 870 1796 elocutionem
893 1733 988 1814 ipsam
1011 1732 1249 1803 adumbrandam
1276 1737 1392 1796 accedi·

138 1833 213 1908 mus,
236 1857 333 1914 pauca
350 1839 381 1895 in
403 1837 568 1895 universum
579 1834 798 1912 'disputabimus
821 1837 858 1896 de
880 1845 944 1895 toto
961 1839 1109 1898 orationis
1123 1835 1234 1897 habitu.
1269 1836 1322 1898 Ac'
1336 1841 1393 1916 pri·

58 1943 66 1956 '
138 1959 221 1997 mum
244 1939 362 2015 quidem
385 1951 476 2013 quum
499 1937 660 2012 quaeritur,
689 1935 807 2013 qualem
830 1953 894 1996 sese
909 1935 1096 2014 ¹praestiterit
1118 1939 1248 2017 Vellejus
1270 1941 1299 1998 in
1323 1942 1392 1999 scri·

137 2042 246 2110 bendo,
270 2040 341 2099 illud
364 2035 609 2098 considerandum
632 2045 676 2098 est
699 2055 766 2098 eurn
789 2037 906 2114 praeter
927 2040 1055 2099 historici
1077 2040 1162 2100 simul
1184 2043 1392 2118 oratoris'par-

137 2137 316 2218 tes'agere,¹
331 2137 410 2218 quod
433 2138 562 2209 maxime
584 2141 768 2216 perspicuum
791 2149 849 2212 est,
873 2143 929 2200 ubi¹
944 2141 1099 2201 inultima
1121 2144 1217 2219 operis
1241 2140 1324 2220 parte
1346 2163 1393 2204 res

137 2245 299 2304 Caesarum
321 2243 351 2310 in
378 2240 625 2318 primis'Augusti
652 2250 681 2300 et
703 2242 813 2301 Tiberii
835 2252 954 2302 enarrat
975 2246 1031 2320 ita,
1051 2254 1084 2303 ut
1105 2246 1221 2304 medius
1243 2248 1294 2305 fiat
1316 2247 1392 2304 inter

137 2346 305 2405 historicum
328 2354 359 2404 et
379 2345 593 2423 panegyricum
616 2344 797 2419 scriptorem.

173 2443 196 2466 ’·
222 2447 292 2506 Hoc
313 2462 383 2504 vero
404 2443 497 2520 genus
512 2444 634 2502 'dicendi
657 2446 818 2503 oratorium
842 2464 878 2504 ex
904 2446 976 2506 locis
993 2447 1109 2522 poetico
1135 2448 1265 2524 quodam
1293 2449 1392 2507 colore

137 2549 279 2607 distinctis
297 2555 326 2605 et
353 2543 532 2604 ornamentis
559 2547 700 2623 cujusque
727 2546 844 2618 generis
870 2543 1017 2606 instructis
1042 2549 1225 2626 intelligitur,
1251 2549 1343 2609 velut:
1369 2567 1391 2618 1,

139 2649 181 2719 16,
200 2644 232 2721 45
257 2644 279 2718 l,
302 2646 344 2717 18.
368 2661 399 2720 3:
422 2662 446 2715 ²,
469 2661 497 2718 4'.
520 2661 552 2719 4t
574 2661 600 2715 2,
623 2660 678 2721 59,’
693 2644 727 2714 6;
749 2660 775 2715 ²,
800 2662 863 2720 103,
886 2663 918 2722 43
941 2645 1162 2724 2,130,'4;,al.
1186 2647 1237 2710 ¹De
1258 2652 1392 2711 oratione
1487 2727 1490 2730 Ι

137 2744 294 2828 Ve'llejanav
309 2743 425 2824 poetico
441 2748 542 2806 ¹colore
564 2743 648 2823 quasi
666 2744 774 2806 infecta
788 2756 826 2819 ,et
844 2748 881 2807 de
892 2745 1052 2810 'sententiis'
1067 2753 1151 2829 'operi
1170 2754 1292 2823 insertis,
1311 2753 1392 2830 quod

136 2853 285 2928 proprium
299 2858 353 2910 est
374 2851 490 2924 generis
513 2845 639 2919 oratorii,
662 2848 703 2906 H.
725 2849 870 2926 Sauppius
893 2853 922 2909 in
944 2852 1051 2912 Museo
1069 2853 1270 2918 Helvetiorum
1292 2851 1390 2932 (Tom.

135 2939 207 3024 1,'2.
230 2963 262 3030 p:
284 2951 333 3027 178
354 2960 384 3010 et
403 2947 463 3026 174)
485 2950 639 3026 diligenter
661 2958 691 3008 et
711 2951 785 3010 scite
805 2951 948 3012 disseruit.
984 2939 1085 3014 Pauca
1107 2955 1218 3027 habeo,¹
1235 2975 1312 3034 quae
1335 2957 1388 3014 ad·

135 3053 218 3112 dam':
246 3055 364 3114 stationi
386 3049 528 3129 paternae
551 3049 708 3110 succedere
729 3068 759 3123 2,
784 3070 849 3129 124,
872 3067 901 3124 2;
930 3055 1046 3115 functus
1068 3053 1194 3116 statione
1219 3057 1337 3115 mortali
1361 3073 1388 3129 2,
1412 3117 1418 3126 ,

138 3170 194 3231 151,
212 3173 242 3225 2;
265 3143 343 3214 bello
365 3154 440 3212 civili
458 3161 487 3212 et
505 3162 548 3212 tot
570 3153 656 3212 malis
674 3172 735 3212 non
750 3156 829 3224 alius
841 3157 984 3231 majorem
1002 3158 1389 3234 flagrantioremquequam

135 3256 170 3314 C.
192 3256 282 3316 Curio
304 3256 426 3334 subjecit
449 3253 554 3314 facem'
567 3269 596 3324 2,
620 3254 672 3327 48,
695 3253 729 3330 '3;
756 3255 868 3316 refulsit
889 3275 957 3335 spes
979 3266 1060 3317 certa
1081 3260 1238 3320 liberorum
1261 3262 1391 3337 parenti·

134 3357 191 3416 bus
213 3373 242 3427 2,
268 3351 347 3434 103,
360 3372 390 3432 5;
421 3351 532 3433 sopitus
553 3353 709 3415 'armorum
732 3356 812 3416 furor
834 3374 865 3426 2,
888 3358 939 3434 89,
963 3376 994 3434 33
1026 3378 1152 3435 quorum
1174 3363 1301 3421 cervices
1325 3369 1391 3421 tam

136 3457 247 3520 fortiter
278 3455 463 3517 sustinendo
478 3466 622 3517 terrarum
654 3459 734 3517 orbis
764 3455 887 3534 imperio
918 3461 1063 3521 sufficiant
1084 3479 1110 3532 2,
1134 3479 1189 3538 151,
1212 3479 1243 3532 2;
1266 3463 1392 3540 plurimo

134 3562 203 3636 igne
225 3561 356 3618 emicans
374 3558 539 3618 incendium
557 3561 689 3620 militaris
708 3562 853 3620 'turnultus
871 3578 896 3632 2,
917 3578 973 3638 125,
996 3579 1025 3637 4.
1036 3563 1242 3623 -Sententiis
1260 3582 1279 3624 a
1297 3565 1393 3642 Saup-

134 3663 183 3738 pio
205 3655 302 3720 allatis
323 3659 486 3746 adjungam
507 3663 576 3721 has:
603 3663 654 3722 alit
676 3663 835 3722 aemulatio
862 3665 994 3740 ingenia:
1021 3675 1050 3724 et
1072 3685 1151 3724 nunc
1173 3665 1289 3735 invidia,
1311 3686 1390 3728 nunc

134 3763 290 3823 admiratio
313 3764 504 3822 imitationem
528 3765 665 3823 accendit
688 3782 714 3833 1,
740 3777 789 3839 17,
806 3764 839 3835 6;
867 3765 1011 3825 familiare
1033 3777 1077 3826 est
1099 3761 1266 3827 hominibus
1288 3769 1388 3828 omnia

134 3865 188 3924 sibi
211 3866 379 3940 ignoscere,
407 3864 476 3939 nihil
500 3866 563 3923 aliis
586 3867 733 3924 remittere
755 3881 785 3935 2,
813 3883 867 3940 30,
895 3882 934 3942 33·
954 3885 1071 3943 semper
1096 3887 1227 3944 magnae
1254 3869 1389 3928 fortunae

134 3984 235 4026 comes
257 3975 301 4026 e'st
323 3967 454 4026 adulatio
471 3981 496 4036 2,
521 3981 582 4037 102,
605 3967 636 4042 33
659 3967 853 4026 ineluctabilis
875 3967 1003 4026 fatorum
1025 3971 1076 4039 vis,
1099 3971 1310 4048 cujuscumque
1332 3969 1392 4028 for·

134 4078 238 4128 tunam
260 4077 376 4128 mutare
398 4068 556 4138 constituit,
579 4068 703 4128 consilia
725 4071 884 4144 corrumpit
906 4086 931 4141 2,
954 4085 997 4146 57,
1021 4087 1048 4146 3.

221 4163 311 4229 Hunc
332 4171 463 4247 spiritum
490 4171 615 4229 oratoris
642 4178 758 4228 secutus
781 4169 910 4251 Vellejus
937 4173 1023 4231 variis
1050 4175 1260 4232 sententiarum
1282 4173 1393 4231 'oratio-

135 4272 239 4347 nisque
258 4271 372 4342 formi's,
395 4288 470 4349 quas
484 4265 619 4350 figuras
637 4263 867 4354 sive'uxrjpure
886 4281 996 4333 'vocant
1023 4273 1221 4350 grammatici,
1243 4281 1324 4335 ususj
1335 4279 1392 4332 est.

136 4373 240 4448 ltaque
262 4369 392 4437 invenies
410 4373 577 4448 frequentes
600 4372 845 4447 r'nterrogatzbnes,
868 4372 1016 4449 (1,16,4;
1038 4388 1064 4447 ’2,
1082 4389 1128 4449 42,
1146 4388 1175 4444 2;
1199 4389 1224 4444 2,
1249 4389 1293 4449 55,
1312 4387 1341 4443 2;
1365 4389 1392 4446 2,

136 4486 184 4548 75,
207 4489 236 4543 2;
259 4491 289 4543 2,
314 4483 370 4544 111,
395 4490 427 4548 4;
450 4489 480 4542 2,
501 4488 558 4532 122.
578 4487 637 4549 ¹²9·
659 4471 733 4550 130),
760 4477 980 4535 exclamantem
1003 4473 1043 4555 (2,
1062 4475 1111 4548 28,
1131 4491 1160 4552 3;
1189 4492 1219 4549 2,
1237 4491 1284 4552 52,
1303 4490 1333 4554 5;
1365 4491 1395 4546 2,Ι

1163 4578 1185 4619 ,.
