3268 5016
772 265 959 324 ,3-

234 459 323 535 juxta
344 456 503 530 cupidinem
525 467 550 522 2,
574 467 619 527 33,
645 469 654 512 1
679 449 751 529 (jam
773 450 841 536 inde
864 471 883 510 a
905 448 1064 527 Sallustio);
1092 453 1247 526 eloquentia
1271 467 1292 521 1,
1317 447 1358 521 18,
1383 467 1394 510 1
1414 449 1499 528 juxta

241 561 381 634 eloquium
404 571 433 624 2,
462 552 512 623 68,
541 553 567 631 1⁶,
600 556 768 610 exercitium
791 567 821 623 2,
850 568 919 628 109,
943 569 955 612 1
980 554 1064 630 juxta
1084 556 1314 612 exercitationem
1337 567 1366 623 2,
1390 566 1444 628 79,
1467 567 1497 622 2;
1542 546 1546 552 ’

240 661 361 718 exitiale
384 655 419 735 (2,
443 672 486 726 22,
509 653 538 730 4)
557 653 639 733 juxta
661 655 809 713 exitiabile
830 670 855 724 2,
880 670 919 724 12,
943 653 961 712 6
984 663 1014 713 et
1031 654 1162 731 saepiam
1185 657 1333 714 necessetas
1357 671 1379 724 1,
1404 653 1497 726 126,2

240 761 324 838 juxta
345 759 573 818 necessitudinem
596 771 626 826 2,
649 772 698 830 5ο,
717 770 745 824 2;
762 763 960 831 praeparatus
981 771 1010 826 2,
1034 754 1084 831 76,
1107 771 1125 830 3
1144 755 1228 833 juxta
1244 759 1498 832 praeparationem

245 877 267 932 1,
293 877 331 931 12,
355 859 388 930 6;
407 861 586 934 praevalens.
600 871 625 926 2,
650 855 712 926 108,
734 871 750 914 2
771 857 854 934 juxta
870 858 1074 932 praevalidum
1096 871 1121 927 2,
1144 855 1193 932 69,
1216 871 1246 926 2;
1263 858 1361 931 pudor
1384 871 1409 927 2,
1432 871 1457 933 5,
1481 873 1498 931 3

242 965 324 1042 juxta
338 961 505 1036 pudicitiam
524 974 549 1026 2,
564 958 611 1032 48,
627 973 657 1033 3;
675 966 870 1031 supervacuas
889 973 911 1028 1,
928 957 970 1028 16,
987 974 998 1015 1
1014 957 1098 1035 juxta
1114 968 1355 1032 supervacaneum
1370 973 1395 1027 2,
1410 955 1457 1032 36,
1472 973 1498 1016 2.

244 1109 246 1117 .
328 1062 479 1122 Sententia
501 1059 618 1120 Graeca
640 1077 677 1117 ex
699 1059 834 1118 Homero
855 1057 948 1134 (Iliad.
969 1073 999 1134 5,
1023 1073 1097 1134 3043
1120 1059 1276 1129 etiam12,
1300 1055 1355 1133 383
1378 1064 1408 1118 et
1430 1057 1500 1140 449)

244 1165 400 1241 desumpta
423 1163 546 1226 Graecis
568 1163 670 1222 litteris
692 1163 801 1239 scripta
822 1169 920 1222 exstat
942 1179 968 1232 1,
991 1177 1021 1237 5,
1044 1179 1075 1237 3:
1100 1155 1167 1223 οἷοι
1189 1163 1244 1236 eoo
1266 1161 1384 1243 βροτοί
1406 1141 1500 1223 eicco.

243 1267 289 1326 Ex
310 1265 412 1342 lingua
434 1265 552 1348 Graeca
574 1263 848 1348 desumptasvoces
865 1263 956 1323 habet
978 1263 1106 1341 Vellejus
1124 1263 1191 1324 has:
1210 1266 1342 1338 &nastes
1363 1279 1388 1334 2,
1411 1277 1500 1338 51,1;

243 1369 416 1428 nanmacleia
447 1381 472 1437 2,
503 1365 550 1441 56,
584 1381 609 1436 13
640 1381 666 1438 2,
695 1381 761 1435 100,
787 1381 803 1424 2
832 1362 896 1442 (pro
922 1366 978 1424 hac
1004 1382 1076 1425 voce
1098 1365 1201 1442 optimi
1222 1365 1379 1442 scriptores
1400 1364 1501 1426 dicunt

244 1470 388 1547 proelium
411 1469 530 1537 navale;
543 1467 658 1528 ¹navale
680 1474 830 1527 certamen
853 1466 959 1544 legitur
980 1484 1005 1535 2,
1029 1481 1075 1543 79,
1096 1462 1135 1545 1);
1157 1467 1315 1526 tetrarches
1336 1482 1360 1536 2,
1384 1481 1425 1544 51,
1452 1482 1474 1524 1.
1521 1455 1524 1462 ’

330 1568 632 1629 Animadvertendum
659 1577 703 1630 est
728 1568 785 1628 hoc
811 1569 878 1628 loco
908 1586 1122 1646 nonnunquam
1148 1557 1229 1645 apud
1257 1567 1402 1646 Vellejum
1429 1565 1498 1636 fieri,

244 1677 277 1730 ut
299 1673 473 1749 adjectivum
496 1669 535 1729 ad
561 1689 668 1746 regens
690 1670 904 1730 substantivum
930 1669 1117 1730 referendum
1143 1671 1170 1730 ei
1196 1669 1335 1740 addatur,
1361 1669 1441 1746 quod
1464 1686 1500 1728 ex

244 1773 293 1834 illo
314 1775 433 1851 pendet.
468 1771 615 1850 Exempla
636 1773 780 1850 ejusmodi
802 1780 883 1839 sunt:
906 1773 988 1832 omni
1005 1774 1183 1848 flagitiorum
1205 1774 1407 1847 scelerumque
1429 1787 1499 1838 con,

246 1874 369 1934 scientia
391 1893 504 1934 mersus
526 1889 551 1945 2,
574 1891 618 1950 91,
641 1889 671 1949 3;
695 1891 763 1934 cum
786 1875 845 1934 alia
866 1873 962 1951 prisca
988 1876 1142 1934 severitate
1164 1892 1339 1951 summaque
1358 1875 1501 1933 'constan-

245 1977 286 2037 tia
307 1986 405 2038 vetere
427 1973 583 2036 consulum
604 1994 688 2036 more
710 1994 747 2036 ac
769 1977 923 2036 severitate
944 1977 1083 2053 gessisset
1100 1991 1125 2047 2,
1148 1992 1193 2052 92,
1216 1992 1246 2046 2;
1268 1976 1308 2036 ob
1330 1975 1500 2036 manifesta·

247 2096 311 2137 rum
333 2079 503 2154 rapinarum
529 2076 638 2136 indicia
660 2092 690 2148 2,
713 2077 766 2153 83,
789 2091 820 2147 21
847 2078 903 2136 sub
928 2078 1223 2142 honorificentissimo
1250 2077 1391 2136 ministeri
1417 2077 1502 2138 titulo

243 2195 348 2256 2,.45,
371 2195 404 2254 4;
433 2181 632 2239 vacillantium
654 2181 743 2242 etiam
765 2179 967 2242 ciszhenum
989 2181 1111 2242 sitarum
1132 2181 1266 2256 gentium
1288 2179 1405 2240 animos
1427 2196 1502 2238 con·

245 2282 371 2340 firmavit
392 2296 417 2351 2,
442 2297 503 2351 120,
529 2298 554 2352 13
578 2280 659 2358 quod
681 2281 793 2340 sactum
815 2282 934 2342 cuilibet
956 2289 1086 2340 veterum
1108 2282 1263 2342 consulum
1285 2280 1398 2356 gloriae
1419 2298 1502 2339 com·

245 2382 410 2461 parandum
419 2393 550 2454 10012,
573 2365 622 2458 qa,
645 2398 675 2456 4.
698 2412 738 2426 -
761 2383 897 2442 Similiter
924 2383 1052 2462 Vellejus
1075 2382 1259 2444 Graecorum
1281 2400 1395 2442 morem
1418 2399 1501 2462 secu·

249 2492 296 2544 tus
319 2484 464 2563 adjectivo
485 2485 647 2560 genitivum
670 2485 842 2558 substantivi
864 2485 1005 2563 adjungit,
1025 2486 1108 2544 velut
1125 2501 1150 2556 2,
1169 2485 1218 2556 80,
1237 2502 1268 2560 3:
1291 2503 1362 2544 nam
1385 2483 1423 2542 ab
1441 2483 1501 2541 Sci·

246 2586 383 2663 pionibus
405 2586 527 2662 aliisque
553 2595 683 2646 veterum
706 2587 912 2646 Romanorum
938 2587 1056 2646 ducum.
1101 2588 1189 2647 Plura
1216 2587 1253 2646 de
1275 2586 1332 2646 hoc
1358 2598 1413 2645 11111
1436 2585 1501 2643 vide

249 2687 329 2764 apud
348 2687 457 2765 Velleji
478 2689 649 2764 interpretes
672 2687 789 2748 Ruhnk.
812 2689 851 2748 ad
873 2705 898 2758 2,
921 2687 971 2759 80,
994 2705 1021 2764 3,
1044 2689 1127 2748 Kritz
1153 2687 1193 2747 ad
1214 2703 1241 2759 2,
1263 2703 1307 2765 91,
1330 2705 1348 2763 3
1370 2697 1401 2747 01
1422 2687 1502 2763 apud

251 2788 415 2864 Reisigium
436 2789 467 2848 in
489 2787 623 2848 Gramm.
646 2789 712 2849 Lat.
735 2809 763 2865 p.
785 2789 840 2864 362
862 2790 961 2867 ibique
983 2791 1087 2850 Haasii
1109 2798 1212 2860 notam
1234 2805 1295 2866 522.

260 2923 268 2961 ·.
336 2887 432 2952 Multa
450 2898 604 2968 praeterea
622 2890 721 2950 insunt
738 2892 768 2949 in
785 2873 907 2968 Vellejo,
927 2892 1033 2968 quibus
1050 2899 1133 2967 patet
1150 2909 1218 2951 eum
1236 2910 1360 2968 operam
1377 2891 1500 2961 dedisse,

245 2999 278 3052 ut
309 2992 470 3052 sententias
492 3001 581 3068 atque
608 3001 746 3051 ornatum
773 2994 950 3068 optimorum
972 2994 1147 3070 scriptorum
1169 2994 1199 3052 in
1220 2994 1319 3070 primis
1342 2993 1500 3063 Ciceronis,

246 3094 387 3165 Sallustii,
410 3094 484 3152 Livii
505 3093 676 3152 imitaretur.
716 3093 833 3154 Tamen
855 3094 982 3154 Sallustii
1003 3114 1076 3174 prae
1098 3095 1200 3156 ceteris
1222 3094 1412 3154 aemulationi
1431 3095 1500 3152 scri·

206 3215 208 3219 ’
247 3205 361 3272 ptorem
389 3204 523 3266 nostrum
549 3196 694 3254 studuisse
720 3197 831 3272 primus
857 3197 1023 3256 observavit
1048 3197 1124 3257 Dav.
1150 3197 1358 3266 Ruhnkenius,
1389 3197 1439 3272 qui
1470 3196 1500 3253 in

247 3297 323 3357 notis
345 3295 384 3356 ad
406 3297 537 3372 singulos
554 3298 635 3356 locos
658 3297 771 3374 scriptis
790 3298 960 3358 imitationis
982 3299 1104 3374 vestigia
1126 3300 1306 3364 monstravit.
1342 3297 1389 3356 Sic
1410 3297 1500 3356 verba

247 3409 275 3457 et
294 3398 463 3471 locutiones
486 3397 678 3459 Sallustianae
700 3399 779 3477 apud
803 3400 949 3478 Vellejum
971 3402 1146 3477 reperimus,
1174 3401 1267 3459 velut:
1294 3400 1446 3477 pollicitari
1473 3415 1499 3468 2,

248 3517 300 3571 111,
324 3517 340 3558 2
362 3499 441 3574 (Sall.
464 3499 530 3560 Cat.
552 3500 599 3574 38,
623 3515 649 3571 1;
672 3500 739 3579 Jug.
761 3499 788 3571 8,
813 3500 843 3576 1),
867 3519 976 3578 anceps
998 3502 1159 3577 periculum
1177 3517 1202 3572 2,
1221 3517 1247 3572 2,
1265 3518 1283 3576 3
1304 3499 1381 3579 (Jug.
1399 3499 1445 3575 38,
1464 3500 1499 3575 5),

243 3609 383 3681 ,parentes
405 3626 447 3650 =
469 3602 660 3662 oboedientes
681 3618 711 3674 2,
736 3601 803 3674 108,
826 3619 843 3661 2
865 3601 941 3683 (Jug.
971 3619 1037 3673 102,
1060 3601 1099 3679 7),
1127 3605 1272 3680 sanguine
1298 3602 1499 3681 conjunctissi-

247 3723 313 3764 mus
334 3719 360 3775 2,
383 3720 426 3778 41,
450 3720 466 3762 2
489 3702 565 3782 (Jug.
589 3720 637 3775 10,
663 3702 704 3782 3),
728 3722 814 3765 cursu
837 3707 958 3765 tendere
982 3721 1014 3776 2,
1037 3720 1088 3780 70,
1111 3721 1127 3764 2
1149 3703 1226 3783 (Jog.
1250 3722 1296 3780 91,
1320 3702 1361 3780 4),
1386 3705 1500 3781 aperire

247 3805 479 3883 conjurationem
503 3830 544 3854 =
566 3805 735 3882 patefacere
756 3808 833 3884 conj.
856 3822 881 3878 2,
904 3822 952 3881 34,
975 3823 992 3881 3
1014 3803 1089 3881 (Cat.
1112 3823 1167 3880 40,
1191 3806 1231 3879 6),
1254 3806 1357 3882 imperi
1380 3801 1500 3864 aemula

246 3907 398 3982 Carthago
420 3924 449 3978 2,
475 3924 499 3978 1,
525 3925 535 3965 1
559 3906 635 3984 (Cat.
661 3923 709 3978 10,
735 3903 768 3983 1),
797 3927 893 3984 neque
920 3908 1061 3968 dicendus
1083 3909 1147 3969 sine
1167 3927 1240 3968 cura
1261 3925 1290 3976 2,
1315 3906 1396 3977 18,1
1421 3905 1499 3981 (Sall.

245 4009 325 4084 apud
338 4008 413 4080 Seu.
436 4009 473 4066 de
495 4008 592 4067 benes.
615 4025 643 4082 4,
668 4026 689 4079 1,
715 4007 745 4085 1).
763 4040 804 4050 -
826 4009 964 4085 Scriptori
986 4018 1087 4069 nostro
1110 4009 1284 4069 Ciceronem
1305 4018 1376 4069 ante
1398 4009 1501 4068 oeulos

245 4119 393 4182 versatum
415 4129 479 4170 esse
501 4127 549 4182 ex,
565 4103 760 4171 locutionibus
787 4111 955 4186 intelligitur
977 4111 1073 4170 velut:
1101 4110 1267 4186 gladiorum
1280 4188 1281 4192 Ἰ
1294 4112 1451 4188 impunitas
1474 4127 1500 4181 2,

245 4229 276 4286 3,
299 4229 316 4287 3
339 4211 408 4288 (Cic.
432 4212 504 4270 Phil.
523 4210 555 4282 8,
580 4229 622 4280 11,
645 4211 702 4289 32),
727 4219 793 4289 post
814 4213 858 4272 bis
881 4214 994 4273 excisos
1016 4222 1141 4273 terrores
1163 4215 1205 4272 rei
1227 4213 1362 4290 publicae
1383 4227 1407 4282 2,
1431 4227 1459 4285 4,
1483 4227 1501 4287 5

243 4309 307 4388 ipro
334 4311 412 4376 Mur.
440 4312 488 4383 28,
516 4309 576 4389 58),
604 4314 735 4373 11001110
761 4314 974 4390 rempublicam
1001 4330 1030 4385 2,
1061 4329 1103 4384 12,
1132 4313 1151 4372 6
1176 4312 1223 4390 (de
1249 4315 1299 4373 off.
1329 4331 1354 4385 1,
1379 4327 1423 4388 17,
1446 4312 1499 4389 57),
1562 4323 1566 4330 ·

244 4414 366 4490 pestifer
392 4413 479 4473 Marii
506 4414 614 4474 reditus
637 4431 667 4484 2,
698 4431 749 4486 22,
775 4432 785 4473 1
813 4415 894 4491 (Phil.
916 4432 946 4490 3,
970 4432 999 4486 2,
1024 4415 1064 4490 3),
1096 4415 1215 4492 quippe,
1248 4433 1337 4493 quem
1369 4417 1499 4492 spiritum
