3268 5016
716 337 919 382 ...12-

273 512 432 571 Arsentotr'o
455 511 485 568 in
506 511 620 569 bonam
640 517 754 584 partem
773 507 880 568 dicitur
902 524 956 584 pro
977 510 1146 578 assensione,
1168 511 1402 568 commendatione
1418 525 1444 580 2,

190 615 248 685 128,
271 631 302 688 3:
325 613 374 689 qui
399 611 440 671 M.
457 609 557 671 Tullio
578 618 694 682 tanturn
712 609 849 680 tribuere,
872 617 905 668 ut
921 627 1019 686 paene
1040 609 1240 670 assentatione
1261 625 1315 669 sua
1338 609 1444 686 quibus

189 715 281 776 vellet
298 715 477 792 principatus
499 711 669 772 conciliaret
689 708 775 785 (Petr,
801 725 840 787 17,
864 709 896 786 1).

273 818 521 876 Auctoromentum
540 812 620 889 apud
637 812 813 872 Ciceronem
830 821 1000 877 contractus
1018 821 1070 885 est,
1093 832 1153 890 quo
1174 815 1240 890 quis
1258 832 1291 874 se
1308 813 1444 873 mercede

189 927 277 997 pacta
304 918 342 977 ad
370 915 479 993 aliquid
504 912 583 974 velut
605 912 643 973 ad
665 912 750 973 ludos
778 913 970 989 gladiatorios
996 915 1110 990 obligat
1132 913 1181 993 (cl.
1203 915 1265 974 Cic.
1288 917 1325 976 de
1348 915 1398 976 oli.
1421 931 1443 985 1,

188 1015 332 1095 42,150);
364 1018 505 1076 translate
527 1016 644 1093 ponitur
665 1033 719 1091 pro
745 1033 934 1092 quocumque
961 1009 1094 1094 praemio
1121 1025 1173 1076 aut
1194 1019 1303 1092 pretio,
1331 1035 1390 1095 quo
1413 1035 1444 1077 se

187 1122 251 1198 quis
274 1121 313 1181 ad
335 1117 565 1179 interficiendum
587 1116 700 1176 addixit
720 1133 746 1188 a,
770 1118 816 1189 28,
840 1133 871 1193 3:
894 1117 924 1177 in
946 1135 982 1177 ea
1003 1117 1128 1196 jugulati
1150 1118 1220 1178 civis
1241 1119 1369 1178 Romani
1392 1129 1446 1195 pu·-

187 1223 261 1282 blice
284 1222 507 1281 constitueretur
533 1225 789 1278 auctoramentum
817 1226 847 1278 et
869 1233 898 1289 2,
927 1217 979 1290 66,
1007 1235 1039 1294 3:
1070 1225 1296 1279 auctoramento
1328 1219 1442 1278 funebri

185 1322 384 1399 (Germanice.
406 1311 529 1382 dicimus
561 1319 738 1396 ,svutgeva‘t
770 1319 809 1380 ad
840 1322 1053 1384 conservatoris
1084 1313 1237 1399 quondam
1268 1322 1445 1398 reipublicae

188 1425 321 1504 tantique
342 1424 469 1484 consulis
492 1413 649 1482 invitando
666 1439 772 1482 necem
793 1418 871 1497 (Seu.
895 1423 974 1498 phil,
996 1421 1094 1500 Suet).

169 1519 176 1535 ⁸
277 1525 393 1584 Candor
415 1544 468 1601 per
489 1524 713 1584 translationem
735 1523 838 1583 dicitur
860 1543 913 1600 pro
936 1526 1235 1600 antiuisimplicitote,
1258 1525 1445 1583 benevolentia

190 1645 218 1699 a,
245 1627 306 1697 116,
329 1643 359 1702 5:
387 1645 483 1703 neque
507 1626 600 1705 justus
627 1625 691 1684 sine
716 1624 874 1685 mendacio
897 1625 1009 1686 candor
1035 1624 1114 1702 apud
1142 1627 1237 1686 bonos
1264 1626 1377 1684 crimini
1400 1632 1444 1688 est

188 1727 265 1801 (Ov,
289 1729 361 1788 Plin.
384 1747 453 1804 pan.
475 1726 530 1803 84).
1025 1787 1029 1792 ‚

165 1895 167 1898 ,
278 1829 390 1906 Capeus
417 1838 463 1890 est
484 1828 564 1905 apud
588 1829 752 1888 Vitruvium
780 1847 818 1892 ea
844 1847 912 1904 pars
935 1827 1037 1898 redae,
1069 1827 1100 1886 in
1126 1845 1186 1903 qua
1212 1821 1262 1904 qui
1293 1835 1445 1888 vectantur

189 1931 301 2002 sedent,
325 1932 405 2008 apud
427 1931 572 2009 Vellejum
596 1940 731 2008 saeptum
753 1930 875 1990 sudibus
898 1931 1022 2001 sactum,
1045 1947 1105 2006 quo
1127 1930 1266 1989 animalia
1292 1923 1446 1988 continen-

188 2043 236 2093 tur
260 2019 285 2104 1,
310 2019 357 2103 16,
381 2050 411 2091 2:
438 2032 690 2108 quemadmodum
719 2032 821 2092 clausa
840 2047 936 2108 'capso
961 2031 1055 2091 aliove
1077 2040 1181 2107 saepto
1203 2031 1308 2092 diversi
1329 2032 1446 2108 generis

189 2135 334 2194 animalia
351 2142 579 2209 congregantur.

230 2271 232 2276 ·
275 2237 338 2294 Pro
360 2243 443 2311 captu
465 2251 532 2310 pro:
559 2235 670 2306 habitu,
693 2241 802 2293 notura
825 2234 929 2293 dicitur
951 2247 980 2304 2,
1010 2249 1079 2308 104,
1107 2251 1138 2308 3:
1170 2234 1445 2294 caelestissimorum

189 2337 251 2416 ejus
271 2324 383 2413 (Tiberi
415 2335 559 2413 Caesaris)
585 2327 707 2412 operum
730 2345 877 2412 spectator
899 2345 928 2394 et
949 2353 1003 2412 pro
1021 2344 1118 2417 captu
1134 2335 1342 2396 mediocritatis
1365 2335 1447 2414 adju·

189 2447 236 2499 tor
258 2439 299 2498 fui
319 2435 395 2512 (Sen.
418 2438 456 2498 de
478 2439 563 2498 clem.
589 2456 614 2510 1,
639 2456 686 2514 19,
710 2453 738 2508 2;
763 2437 838 2497 Geli.
863 2455 889 2508 1,
912 2455 945 2514 9,
963 2454 994 2512 3:
1023 2437 1127 2515 Velleji
1154 2445 1184 2498 et
1207 2437 1338 2498 Senecae
1364 2437 1445 2497 locos

189 2540 267 2600 adde
288 2531 371 2600 lexic.
389 2537 519 2616 Latinis).
554 2539 676 2599 Classici
688 2541 851 2616 scriptores
869 2540 925 2598 hoc
942 2531 1087 2598 vocabulo
1109 2556 1170 2598 non
1192 2547 1320 2610 utuntur,
1343 2539 1399 2598 nisi
1416 2539 1446 2597 in

190 2641 330 2718 loquendi
352 2642 493 2702 formula:
517 2648 550 2699 ut
569 2649 667 2716 coptus
689 2649 731 2700 est
750 2650 892 2718 sequente
913 2642 1044 2717 genitivo
1065 2640 1171 2716 plural.
1194 2639 1274 2718 (Cic,
1298 2638 1402 2715 Caes).
1434 2633 1438 2644 '
1466 2673 1467 2680 1

248 2763 252 2772 ·
279 2737 409 2801 Censura
431 2761 484 2818 pro
504 2743 619 2820 judicii>
642 2744 760 2819 ponitur
777 2759 812 2832 2,
830 2743 881 2818 36,
905 2759 936 2818 3:
959 2760 1031 2802 nam
1052 2743 1184 2802 vivorum
1206 2751 1239 2801 ut
1261 2761 1372 2818 magna
1395 2742 1448 2802 ad·

189 2845 320 2914 miralie,
352 2844 393 2902 ita
422 2861 546 2903 censura
574 2829 711 2903 difficilis
730 2852 774 2904 est
801 2841 877 2919 (Sen.
904 2863 965 2920 ep,
997 2843 1071 2902 Plin.
1098 2845 1180 2921 mai,
1213 2845 1329 2922 Juven,
1361 2842 1445 2912 Gell,

191 2940 297 3021 Aput).
341 2945 428 3020 Apud
455 2951 568 3004 veteres
594 2947 749 3021 scriptores
777 2945 851 3004 haec
877 2963 935 3005 vox
962 2961 1078 3021 semper
1104 2946 1142 3004 de
1168 2963 1290 3003 munere
1312 2944 1446 3003 censorio

189 3046 303 3106 dicitur.
351 3039 353 3044 ’
409 3083 411 3086 -
466 3039 468 3044 ’

203 3185 214 3192 .,
281 3147 442 3223 Confininn
470 3150 509 3208 ab
531 3148 649 3225 optimis
675 3149 864 3225 scriptoribus
885 3158 1002 3210 tantum
1025 3150 1146 3226 propria
1173 3147 1384 3224 significatione
1407 3147 1444 3207 de

189 3249 322 3311 terminis
344 3251 374 3308 in
395 3251 522 3326 praediis
544 3251 657 3310 rusticis
679 3253 813 3328 usurpari
835 3251 919 3312 solet.
959 3253 1078 3321 Poetae,
1100 3256 1134 3308 ut
1156 3249 1287 3318 Ovidius,
1311 3248 1350 3306 ad
1371 3257 1447 3308 tem·

190 3367 245 3427 pus
263 3352 474 3412 transtulerunt
496 3370 581 3410 usum
604 3352 688 3430 hujus
710 3353 801 3423 voeis;
825 3353 905 3429 apud
925 3353 1061 3414 Cornific.
1084 3352 1123 3411 ad
1144 3351 1276 3410 Herenn.
1298 3366 1328 3423 4,
1352 3367 1389 3422 11,
1415 3349 1447 3410 rb

191 3453 327 3529 primurn,
351 3452 458 3540 deinde
481 3453 561 3530 apud
582 3455 747 3530 scriptores,
771 3455 824 3532 qui.
837 3463 904 3532 post
922 3456 1048 3530 Augusti
1070 3454 1182 3512 obitum
1205 3453 1332 3523 suerunt,
1355 3461 1450 3513 trans·

192 3555 252 3614 late
276 3555 323 3614 de·
336 3549 398 3614 aliis
421 3556 509 3614 rebus
531 3556 616 3632 quasi
639 3557 739 3615 vicinis
762 3558 877 3627 dicitur,
901 3556 981 3618 velut
1002 3555 1078 3614 Vell.
1101 3570 1130 3626 2,
1155 3571 1219 3629 124,
1244 3570 1270 3613 1:
1301 3555 1331 3614 in
1358 3573 1448 3632 quam

192 3664 278 3715 arcto
306 3657 407 3716 salutis
430 3657 557 3732 enitique
584 3658 691 3718 suimus
718 3659 845 3717 confinio
867 3657 943 3733 (Sen.
962 3640 1016 3734 ep,
1036 3657 1147 3731 Quint,
1166 3658 1251 3728 Tac,
1269 3656 1343 3715 Plin.
1362 3654 1450 3733 pam).

265 3751 422 3836 ‘Confusio
449 3777 502 3834 pro
528 3761 743 3834 perturbatione
769 3763 864 3818 ananei
887 3760 991 3819 dicitur
1016 3776 1046 3830 2,
1075 3776 1137 3834 124,
1169 3775 1194 3818 1:
1226 3777 1303 3835 quae
1329 3766 1448 3817 senatus

191 3858 357 3936 trepidatio,
380 3862 581 3937 quaepopuli
603 3861 737 3921 confusio
753 3860 829 3938 (Vel.
848 3861 941 3932 Mara,
960 3861 1049 3932 Tac„
1072 3861 1145 3921 Plin.
1164 3863 1248 3930 min.;
1271 3860 1376 3919 Cicero
1394 3860 1450 3918 hac

192 3978 265 4020 voce
287 3980 403 4038 semper
425 3964 515 4022 utitur
536 3981 591 4040 pro
613 3965 816 4042 conjunctzbne,
833 3966 1046 4040 permixtione).

282 4063 432 4124 Convictus
463 4066 542 4140 apud
577 4064 750 4124 Ciceronem
780 4068 1017 4136 consuetudieem,
1053 4067 1263 4124 contubernium
1296 4064 1449 4140 significat,

121 4163 128 4175 '
195 4165 276 4241 apud
295 4167 449 4242 scriptores
472 4176 639 4242 argenteae,
662 4185 741 4242 quae
758 4175 888 4237 vocatur,
912 4168 1017 4226 aetatis
1040 4185 1094 4242 pro
1111 4169 1237 4225 convitio
1256 4167 1380 4241 ponitur,
1404 4183 1452 4222 ve·

193 4266 237 4324 lut
259 4266 334 4325 Vell.
353 4283 378 4337 2,
397 4283 443 4342 33,
463 4283 496 4340 4:
518 4266 658 4326 Lucullus
680 4271 819 4343 profusae
841 4270 925 4346 hujus
947 4269 977 4326 in
1000 4269 1138 4329 aedificiis
1160 4268 1399 4341 convictibusque
1421 4272 1451 4322 et

195 4368 389 4442 apparatibus
411 4371 544 4428 luxuriae
565 4370 675 4444 primus
697 4377 802 4428 auctor
826 4371 879 4429 luit
900 4369 996 4444 (Cels,
1019 4371 1093 4429 Plin.
1116 4371 1195 4446 maj,
1219 4367 1311 4444 Tac).

281 4469 415 4544 Digestzb
438 4489 491 4546 pro
514 4489 551 4529 eo
573 4471 687 4541 dicitur,
712 4472 792 4548 quod
819 4480 863 4530 est
885 4474 1019 4530 ordinato
1046 4473 1133 4529 series
1155 4486 1185 4540 2,
1208 4486 1259 4545 53,
1283 4485 1312 4544 4:
1341 4485 1409 4525 cum
1433 4486 1451 4527 a
