3268 5016
747 253 954 372 470...

619 361 638 392 θ

221 489 301 565 quod
319 497 364 547 est
382 488 462 563 alqm
480 484 671 560 despicere-2,
691 483 737 559 76,
761 502 780 558 4
797 480 873 559 (Sen.
892 465 1013 558 Thyest.
1028 481 1098 556 366:
1117 481 1193 540 insra
1211 500 1243 541 se
1262 483 1339 541 videt
1357 479 1476 555 omnia).

225 621 264 632 -
287 589 383 667 Infra
406 605 505 646 servos
527 585 630 644 dieitur
653 586 690 644 de
711 604 757 656 eo,
780 585 830 662 qui
850 586 975 643 liberum
998 583 1149 657 ingenium
1171 601 1281 642 exuens
1294 575 1478 658 ¹dedignatur

223 710 255 750 se
278 692 367 750 servis
389 690 561 748 submittere
583 696 634 746 aut
656 688 745 746 servis
767 704 871 764 parere
893 701 918 756 2,
942 685 987 760 83,
1013 701 1039 742 1:
1066 684 1143 742 infra
1165 702 1264 743 servos
1286 685 1385 743 cliens.
1430 683 1475 743 cf.

220 793 294 851 Tac.
309 811 377 850 ann.
395 807 435 867 13,
446 805 477 848 2:
495 807 591 865 neque
604 788 715 848 Neroni
728 788 805 847 infra
818 805 916 846 servos
931 786 1091 862 ingenium.
1101 817 1141 826 -
1156 786 1217 844 Per
1226 788 1321 844 omnio
1333 787 1394 863 jam
1409 786 1477 844 inde

222 913 241 951 a
263 893 346 952 Livio
369 891 479 950 dictum
502 897 546 948 est
568 908 622 966 pro
645 891 675 947 in
698 889 840 958 omnibus,
868 890 989 946 omnmo.
1034 887 1163 964 Vellejus
1190 888 1231 945 ita
1248 887 1363 946 locutus
1386 895 1430 945 est
1452 903 1476 956 2,

221 1009 317 1082 3r,4r;
340 1009 364 1063 2,
388 1009 433 1067 33,
458 1008 485 1062 1;
509 1007 534 1061 2,
554 1006 605 1065 35,
628 1007 658 1059 23
681 1006 706 1060 2,
730 1006 781 1064 40,
804 1007 833 1060 2;
857 1007 886 1060 2,
911 989 963 1066 69,
987 989 1019 1060 6;
1043 1005 1071 1058 2,
1097 1004 1167 1060 roo,
1190 1006 1216 1063 3.
1244 1019 1284 1030 -
1311 988 1391 1046 Post.
1422 991 1478 1046 Ar·

222 1101 360 1170 gentem,
385 1110 463 1169 quae
490 1101 625 1162 vocatur,
649 1092 754 1150 aetatis
780 1093 935 1174 scriptores
957 1109 1024 1150 cum
1048 1108 1193 1149 annorum
1216 1091 1334 1149 nomine
1355 1109 1477 1166 compo·

223 1202 344 1254 suerunt
371 1212 481 1253 nomen
508 1195 549 1252 rei
577 1202 675 1263 actae,
704 1193 782 1252 velut
806 1211 831 1264 1,
856 1209 904 1262 10,
927 1208 958 1268 5:
990 1194 1115 1252 alterurn
1143 1211 1179 1250 ex
1206 1194 1265 1252 suis
1286 1194 1384 1252 liberis
1407 1202 1477 1252 ante
1565 1271 1568 1276 Ι

223 1315 336 1372 paucos
358 1297 505 1372 triumphi,
519 1295 652 1353 alterum
675 1304 743 1371 post
764 1295 917 1370 pauciores
940 1295 1037 1353 amisit
1059 1295 1120 1352 dies
1143 1291 1226 1372 (Just.
1252 1311 1294 1368 14,
1313 1312 1338 1370 3,
1358 1291 1396 1372 8).
1432 1296 1477 1355 Cf.

225 1398 317 1457 Hand
340 1398 426 1457 Turs.
450 1398 503 1456 IV.
526 1415 554 1472 p.
578 1413 649 1473 494.
673 1426 712 1436 -
741 1395 812 1453 Post
832 1404 987 1471 poetarum
1009 1415 1091 1454 more
1113 1415 1182 1455 cum
1203 1399 1379 1472 pronomine
1402 1397 1476 1467 ,hoc‘
1518 1397 1524 1403 ’

221 1499 384 1570 collocatur
405 1505 434 1557 et
456 1516 509 1574 pro
525 1505 623 1573 posteo
646 1497 751 1555 dicitur
770 1513 797 1566 2,
816 1513 857 1567 21,
876 1514 908 1570 4:
931 1497 1072 1573 posthoc
1091 1497 1145 1556 Cn.
1165 1498 1324 1575 Pompejus
1343 1499 1476 1559 decessit.

221 1599 266 1658 cf.
285 1601 378 1658 Hand
396 1600 482 1658 Turs.
501 1600 555 1659 IV.
575 1618 604 1674 p.
623 1616 691 1675 494.
716 1629 755 1641 -
779 1600 849 1661 Post
871 1594 903 1658 se
920 1625 961 1646 =
979 1617 1011 1658 se
1033 1608 1150 1658 mortuo
1172 1617 1198 1670 2,
1218 1617 1284 1679 123,
1295 1618 1320 1659 2.
1340 1632 1379 1644 -
1397 1600 1475 1660 Sine.

222 1703 347 1761 Homeri
368 1703 461 1762 illuxit
483 1704 632 1778 ingenium
656 1702 718 1760 sine
740 1701 876 1777 exemplo
894 1703 1057 1760 maximum
1081 1719 1103 1772 1,
1123 1717 1148 1777 5,
1169 1720 1191 1761 1.
1214 1734 1254 1745 -
1278 1705 1341 1763 sine
1357 1705 1416 1762 fine
1433 1728 1476 1748 =

222 1821 338 1878 semper
361 1820 389 1873 2,
415 1817 476 1878 107,
495 1820 525 1861 2:
548 1791 613 1862 sine
632 1802 690 1862 fine
711 1805 882 1880 respectans
905 1803 1074 1864 Caesarem.
1098 1836 1137 1845 -
1165 1804 1253 1863 Ultro
1277 1805 1314 1863 de
1336 1807 1475 1881 temporis

222 1906 318 1980 spatio
336 1904 440 1964 dicitur
458 1923 481 1976 1,
498 1921 537 1974 12,
548 1920 578 1978 7:
597 1907 674 1964 adeo
692 1905 793 1963 odium
812 1906 1021 1965 certaminibus
1040 1915 1137 1964 ortum
1155 1907 1232 1965 ultra
1251 1915 1362 1966 metum
1381 1908 1476 1967 durat.

222 2006 267 2066 Cf.
290 2006 357 2066 Sen.
380 2025 427 2083 ep.
453 2022 513 2077 102,
537 2024 569 2080 4:
594 2008 670 2067 ultra
692 2016 857 2065 extremum
879 2008 957 2066 diem
979 2027 1065 2068 curas
1088 2009 1297 2080 transmittere;
1322 2009 1423 2082 Quint.
1447 2027 1475 2086 9,

222 2125 254 2178 2,
278 2107 330 2166 88:
361 2116 394 2167 ut
421 2127 481 2166 non
508 2109 593 2167 durat
619 2109 696 2166 ultra
722 2127 850 2184 poenam
871 2109 1074 2170 abdicationis.
1096 2142 1137 2152 -
1165 2111 1252 2168 Ultra
1273 2112 1414 2170 translate
1437 2113 1476 2170 ad

221 2227 363 2300 personas
382 2208 554 2280 collocatur,
578 2210 656 2268 velut
677 2226 707 2280 2,
730 2209 780 2281 88,
803 2227 834 2269 2:
863 2212 905 2270 vir
926 2213 987 2271 otio
1009 2232 1045 2272 ac
1067 2213 1194 2272 mollitiis
1217 2232 1312 2289 paene
1334 2213 1411 2272 ultra
1433 2213 1475 2273 fe·

222 2311 335 2369 minam
357 2311 463 2381 fluens;
494 2327 527 2382 2,
552 2311 613 2382 118,
640 2327 670 2370 2:
695 2313 808 2390 juvenis
830 2315 906 2374 ultra
927 2315 1087 2373 barbarum
1109 2325 1262 2391 promptus
1284 2316 1412 2390 ingenio.
1434 2347 1475 2356 -

226 2410 321 2484 Usque
335 2429 389 2486 pro
409 2431 496 2487 usque
514 2416 555 2472 od
570 2414 600 2472 in
618 2413 964 2490 primissignificationes
983 2417 1098 2474 urbium
1117 2419 1246 2492 sequitur
1264 2426 1292 2475 et
1310 2435 1361 2477 eas
1379 2436 1475 2494 voces,

220 2530 298 2587 quae
319 2513 348 2570 in
366 2531 403 2571 eo
421 2533 545 2574 numero
567 2516 721 2586 habentur,
745 2517 824 2576 velut
845 2534 870 2588 2,
889 2517 917 2586 6,
937 2535 968 2592 3:
991 2535 1085 2595 usque
1103 2518 1194 2594 Alpes
1213 2519 1391 2578 extendebat
1408 2521 1476 2577 civi·

220 2622 320 2673 tatem.
348 2614 394 2674 Cf.
413 2616 439 2693 J.
457 2616 486 2674 S.
504 2615 606 2688 M...,
625 2617 802 2678 Uebersieht
820 2619 892 2678 aller
913 2637 980 2678 zum
998 2621 1097 2678 latein.
1114 2620 1354 2696 Sprachstudium
1373 2619 1476 2694 gehdr.

219 2714 328 2772 Partik.
352 2735 380 2792 p.
402 2730 466 2792 547.
