3268 5016
690 317 895 375 ,,,-

165 493 311 570 praenitet
331 487 407 566 (Sen.
431 489 511 549 Med.
535 484 593 565 94).
638 487 769 548 Omnino
799 487 928 557 verbum,
956 487 1035 563 quod
1057 495 1101 546 est
1125 489 1223 562 nitere,
1245 487 1359 573 Vellejo
1385 487 1416 546 in

163 594 274 653 deliciis
296 600 349 652 est.
385 590 430 652 Cf.
454 609 476 662 1,
501 605 541 666 17,
566 608 591 648 1:
614 591 715 650 dulces
737 590 861 649 facetiae
882 607 935 665 per
952 587 1125 648 Terentium
1148 598 1176 648 et
1197 587 1351 647 Afranium
1370 589 1415 647 ni·

163 703 293 764 tuerunt;
316 710 342 765 2,
366 710 393 769 9,
418 711 443 752 1:
466 695 614 753 nituerunt
637 701 778 752 oratores.
822 693 868 750 De
890 683 1054 762 vocabulis,
1078 709 1155 768 quae
1178 690 1291 768 Vellejo
1313 691 1345 748 in
1367 691 1419 750 de·
1507 747 1509 752 ,

167 798 238 857 liciis
261 803 337 866 sunt,
356 795 497 856 'conferas
512 795 638 872 'Sauppe
660 813 688 871 p.
714 794 764 870 176
787 811 850 871 sqq.

180 941 183 946 .
255 899 428 971 Quaeriture
454 898 573 956 verbum
605 897 700 974 poetis
731 895 926 973 superioribus
957 895 1063 953 Plauto
1093 902 1122 954 et
1150 894 1291 955 Terentio
1317 894 1418 970 (semel

165 1001 246 1079 apud
269 998 375 1060 Catull.
402 1014 449 1075 55,
478 997 522 1075 32)
548 997 813 1075 frequentissimum
840 997 914 1057 inter
941 997 1025 1059 solut.
1054 1004 1128 1056 orat.
1156 981 1314 1072 scriptores·
1338 997 1418 1073 apud

165 1103 293 1180 primum
315 1100 462 1178 Vellejum
490 1099 602 1158 videtur
625 1108 741 1158 exstare
764 1116 790 1168 1,
814 1114 845 1172 4,
870 1114 900 1173 3:
932 1114 1045 1172 magna
1071 1114 1139 1174 pars
1162 1097 1309 1159 Graeciae
1335 1099 1421 1159 sedes

159 1204 343 1280 quaeritans
397 1201 568 1274 Quaerrtare
598 1209 739 1277 sequente
769 1200 912 1277 particula
942 1220 980 1258 an
1012 1201 1109 1258 Amm.
1142 1201 1235 1260 Marc.
1269 1218 1315 1275 14,
1344 1215 1374 1278 7,
1403 1215 1421 1276 7

165 1302 261 1382 (Adde
282 1305 364 1363 locos
386 1304 477 1362 ambo
499 1303 581 1361 lexic.
605 1302 718 1362 Latinis
741 1309 770 1362 et
791 1289 908 1360 Krebsii
927 1301 1146 1379 Antibarbaro).

257 1406 378 1478 Quatere
404 1406 537 1464 animum
560 1413 715 1482 poetarum
742 1423 824 1464 more
848 1405 958 1464 dicitur
971 1423 1027 1481 pro
1049 1423 1228 1475 commorere,
1241 1405 1422 1482 perturbare

168 1523 193 1579 2,
218 1523 276 1579 110,
300 1505 331 1565 6:
354 1507 424 1584 quin
446 1513 546 1566 tantus
568 1505 635 1566 belli
657 1487 755 1566 motus
777 1505 840 1576 fuit,
863 1515 895 1565 ut
913 1506 1049 1566 Caesaris
1071 1505 1201 1564 animum
1219 1513 1354 1582 quateret
1375 1513 1420 1566 at·

168 1628 226 1688 que
244 1617 372 1669 terreret
417 1607 462 1667 Cf.
484 1607 558 1667 Hor.
582 1608 629 1667 od.
654 1625 676 1679 1,
701 1609 744 1679 16,
767 1623 797 1686 5:
820 1618 941 1685 quatere
963 1616 1102 1667 mentem.
1137 1607 1224 1666 Adde
1246 1608 1306 1668 Cic.
1330 1607 1420 1667 Tusc.

167 1705 193 1788 3,
217 1711 245 1782 ό,
270 1727 313 1770 12:
336 1720 381 1771 est
403 1718 509 1770 natura
530 1711 560 1769 in
583 1711 688 1770 animis
710 1721 844 1770 tenerum
875 1709 1015 1788 quiddam
1046 1715 1075 1769 et
1096 1710 1195 1780 molle,
1221 1709 1302 1788 quod
1324 1710 1420 1787 aegri-

169 1813 271 1874 tudine
294 1813 377 1890 quasi
399 1821 574 1889 tempestate
596 1813 754 1890 quatiatur.

169 1945 171 1950 ·
255 1914 410 1973 Recensere
439 1915 646 1992 praeeuntibus
674 1912 780 1973 Ovidio
811 1921 840 1972 et
871 1913 1001 1988 Vergilio
1031 1912 1061 1972 id
1087 1914 1240 1989 significat,
1273 1914 1353 1990 quod
1374 1923 1422 1972 est

172 2035 396 2087 commemorare,
409 2019 546 2093 persequi
560 2033 584 2087 2,
606 2033 664 2093 129,
690 2035 715 2076 1:
738 2016 790 2076 sed
811 2017 963 2094 proposita
984 2017 1068 2094 quasi
1085 2017 1220 2076 universa
1242 2017 1423 2093 principatus

172 2104 307 2178 Caesaris
329 2117 426 2177 forme
448 2120 563 2194 singula
585 2136 792 2178 recenseamus
814 2115 895 2195 (Plin.
918 2138 964 2194 ep.
987 2136 1008 2188 r,
1028 2117 1054 2188 8,
1079 2134 1123 2194 15;
1146 2113 1274 2196 postet).
1376 2183 1378 2186 ¹

235 2220 400 2301 Reform
422 2222 439 2279 i.
467 2240 490 2281 s.
517 2241 545 2298 q.
572 2222 688 2297 reficere
716 2238 742 2291 1,
773 2237 816 2297 15,
847 2238 873 2279 1:
904 2221 979 2279 vires
1006 2220 1183 2279 refovendae
1209 2220 1303 2296 magis
1330 2238 1423 2297 quam

169 2324 369 2398 spargendam
397 2338 426 2394 2,
452 2339 512 2400 113,
536 2339 565 2382 2:
593 2323 631 2382 ad
658 2322 832 2381 refovendas
858 2342 895 2381 ex
920 2320 1023 2381 itinere
1050 2323 1133 2380 vires.
1176 2321 1320 2381 Refovere
1347 2322 1424 2379 vires

168 2423 244 2483 Tac.
266 2445 336 2484 ann.
361 2443 404 2496 12,
429 2424 476 2484 66.
519 2425 588 2484 Hoc
614 2416 790 2484 vocabulum
817 2433 970 2500 poetarum
997 2425 1148 2508 proprium
1164 2431 1324 2498 argentea,
1344 2440 1424 2500 quae

172 2533 303 2596 vocatur,
327 2533 426 2584 aetate
449 2527 626 2603 frequentari
648 2535 785 2602 coeptum
808 2535 852 2585 est
875 2522 956 2604 (Plin.
980 2544 1035 2602 ep,
1058 2525 1146 2596 Suet,
1170 2522 1235 2602 alii).

255 2624 421 2698 Reluctarz',
449 2645 508 2705 quo
531 2627 618 2700 verbo
640 2628 759 2704 propria
786 2628 998 2703 significatione
1019 2635 1127 2705 poetae
1154 2626 1266 2686 classici
1292 2634 1423 2696 utuntur,

170 2714 314 2787 translata
336 2737 493 2806 usurpatur
514 2744 542 2800 2,
568 2744 633 2800 102,
657 2745 689 2803 4:
716 2728 823 2788 deinde
849 2729 1008 2788 reluctatus
1034 2730 1198 2807 invitusque
1224 2736 1371 2788 revertens
1392 2729 1424 2786 in

170 2829 288 2889 ltaliam
311 2827 430 2904 (Quint,
452 2830 525 2889 Plin.
546 2848 616 2907 pan.
639 2829 693 2902 60;
716 2827 817 2909 (31111.)

256 2931 379 3007 Replere
400 2933 418 2990 i.
442 2949 465 2996 s
489 2952 517 3009 q.
539 2929 679 3004 recreare,
702 2934 818 3018 reficere
840 2950 864 3004 2,
887 2931 932 3009 56,
958 2945 987 2992 1:
1009 2934 1233 3010 elephantorum
1256 2933 1425 2992 certaminis

175 3034 347 3108 spectaculis
368 3035 490 3111 replevit
516 3052 583 3093 eam
604 3030 741 3120 (urbem)w;
765 3051 794 3106 2,
819 3051 890 3108 100,
912 3052 941 3094 2:
968 3037 1081 3113 replere
1107 3036 1222 3094 animos
1248 3035 1424 3112 oculosque;
1457 3057 1460 3064 ·

172 3149 275 3212 2,103,
293 3153 317 3194 1:
336 3137 499 3196 incredibili
516 3137 626 3196 laetitia
643 3139 770 3214 patriam
788 3137 901 3214 replere
919 3133 1034 3214 (Plaut,
1048 3138 1149 3214 Verg,
1165 3135 1230 3214 Ov.,
1247 3137 1319 3195 Plin.
1333 3135 1422 3213 min).

127 3233 129 3236 ⁵
257 3237 398 3296 Revolare
425 3257 478 3316 per
499 3235 720 3299 translationem
748 3240 894 3315 significat
919 3241 1044 3298 celeriter
1067 3241 1162 3298 redire
1183 3254 1212 3309 2,
1238 3254 1303 3310 120,
1326 3253 1356 3314 5:
1378 3239 1426 3298 his

175 3338 280 3400 auditis
301 3341 413 3400 revolat
435 3342 474 3400 ad
497 3349 624 3418 patrem;
648 3357 677 3413 2,
703 3357 765 3417 123,
789 3358 818 3400 2:
840 3341 888 3400 ille
910 3340 949 3400 ad
971 3350 1084 3417 patrem
1107 3340 1252 3400 revolavit
1299 3339 1345 3400 Cf.
1369 3339 1427 3400 Ov.

148 3449 242 3501 -met
265 3435 291 3516 7,
313 3441 383 3516 684:
406 3452 436 3502 et
457 3443 570 3503 revolat
591 3443 672 3503 nullo
693 3443 838 3502 referente
857 3433 1028 3503 cruentum.
1300 3513 1303 3524 ‚

260 3541 387 3618 Se'gnare
415 3553 568 3620 poetarum
596 3562 679 3605 more
706 3546 825 3621 ponitur
851 3545 881 3604 in
900 3544 1102 3603 locutionibus
1128 3545 1185 3604 his:
1215 3543 1237 3622 1)
1259 3564 1312 3622 pro
1334 3547 1428 3622 ronse}

168 3663 267 3718 gnare
288 3645 405 3716 litteris,
428 3665 585 3705 memorare
609 3664 634 3716 1,
659 3646 704 3718 16,
731 3663 756 3704 1:
783 3649 852 3725 quin
879 3665 941 3706 rem
967 3646 1007 3705 ad
1035 3645 1177 3721 liquidum
1204 3646 1364 3722 perfectam
1387 3646 1428 3704 si·

171 3763 261 3820 gnem
292 3747 359 3806 stilo
380 3746 455 3823 (Ov,
486 3743 586 3824 Verg,
618 3749 685 3809 Sen.
708 3750 787 3826 phil,
819 3748 929 3822 Quint,
953 3745 1019 3823 alii).
1063 3743 1090 3825 2)
1117 3765 1171 3824 pro
1202 3749 1372 3824 significare
1398 3763 1427 3815 2,

175 3862 277 3920 115,1:
300 3849 455 3920 honorum,
478 3851 584 3927 quibus
610 3851 793 3928 triumphans
817 3869 885 3909 eum
912 3850 1024 3910 Caesar
1046 3848 1172 3922 donavit,
1192 3853 1290 3925 signat
1311 3866 1428 3908 memo·

173 3947 225 4007 ria.
252 3948 297 4008 Cf.
320 3949 416 4027 Capit
438 3950 505 4009 Alb.
528 3967 555 4024 4,
578 3966 604 4026 5.
1103 3960 1106 3964 ’

261 4050 409 4128 Spargere
435 4053 452 4110 i.
475 4071 498 4112 s.
521 4071 549 4129 q.
572 4055 727 4128 dissipare,
753 4053 938 4132 profundere
962 4070 987 4126 1,
1013 4069 1055 4129 15,
1078 4070 1107 4113 2:
1130 4063 1197 4131 post
1218 4054 1328 4114 bellum
1350 4056 1426 4114 vires

83 4231 86 4240 ‚
172 4151 351 4212 refovendae
373 4154 468 4230 magis
490 4172 580 4231 quam
598 4154 791 4231 spargendae.
836 4154 881 4214 Cf.
904 4155 979 4214 Hor.
1002 4157 1085 4232 epist.
1108 4173 1136 4228 2,
1160 4172 1189 4228 2,
1214 4172 1277 4232 195:
1300 4173 1425 4232 spargas
1489 4155 1490 4161 ’

172 4264 225 4314 tua
248 4256 389 4333 prodigus
412 4276 450 4316 an
473 4275 569 4333 neque
591 4265 739 4332 sumptum
762 4258 867 4318 invitus
889 4258 980 4319 facias
1003 4265 1057 4318 etc.
1119 4251 1121 4254 ’

264 4359 434 4429 Tumescere,
457 4358 632 4452 vocqbulum
655 4367 809 4436 poetarum
828 4363 986 4437 proprium,
1009 4361 1046 4420 de
1068 4361 1142 4420 mari
1164 4361 1280 4437 proprie
1302 4377 1427 4435 usurpa·

173 4467 221 4518 tur
244 4461 351 4520 sensim
377 4470 530 4538 surgente,
563 4462 658 4520 donec
684 4470 892 4539 prorumpente
923 4462 1051 4540 procella
1077 4463 1107 4521 in
1133 4480 1283 4522 summum
1310 4467 1425 4521 aestum
