3268 5016
788 239 992 321 ”3⁶-

349 432 523 508 Peragrari
546 450 599 509 pro
625 433 714 491 verbo
741 432 899 510 deponenti
921 438 1017 490 exstat
1038 446 1063 501 2,
1093 445 1136 506 97,
1165 448 1197 504 4:
1225 440 1397 508 peragratus
1424 433 1518 492 victor

264 535 360 595 omnis
378 535 468 611 partis
489 507 677 593 Germaniae.
710 533 799 592 Hanc
817 535 896 592 verbi
914 534 1087 610 deponentis
1106 533 1231 592 sormam
1241 533 1367 592 Kritzius
1385 535 1517 594 maximo

251 655 333 704 ,cum
355 635 450 695 studio
472 635 614 705 deiendit;
643 635 694 696 sed
719 636 780 713 jam
804 635 996 694 Ruhnkenius
1020 635 1195 706 felicissime,
1223 643 1254 695 ut
1281 636 1366 694 nobis
1393 635 1514 702 videtur,

263 739 388 817 conjecit
409 741 613 814 ,pervagatust
1425 743 1430 758 ·

348 857 513 932 Repensare
534 856 674 916 translate
696 875 750 933 pro
768 875 805 915 eo
827 857 939 927 dicitur,
963 855 1042 934 quod
1065 865 1108 915 est
1130 877 1265 931 aequare,
1288 868 1466 933 compensare
1488 875 1514 928 2,

264 974 303 1029 12,
326 973 356 1034 5:
383 958 439 1016 hac
460 957 580 1016 victoria
601 957 713 1022 videtur
735 959 875 1018 meruisse
898 957 1022 1028 Marius,
1050 975 1087 1016 ne
1110 959 1171 1035 ejus
1194 959 1254 1016 nati
1281 976 1345 1024 rem
1367 959 1515 1035 publicam

114 1067 118 1074 '
230 1078 233 1084 ·
263 1061 434 1137 poeniteret,
458 1059 594 1129 acbona
620 1059 705 1120 malis
732 1075 917 1136 repensassc;
948 1076 973 1130 2,
997 1073 1037 1130 21,
1060 1076 1093 1132 4:
1116 1061 1196 1136 cujus
1218 1059 1366 1138 (Pompeji)
1383 1061 1517 1122 interitus

199 1223 201 1228 ,
262 1161 396 1237 voluptas
424 1162 598 1220 amissorum
626 1171 677 1221 aut
699 1162 799 1238 gladio
825 1154 877 1220 aut
898 1163 1002 1220 morbo
1025 1161 1130 1220 civium
1157 1179 1252 1238 paene
1274 1162 1384 1222 damno
1410 1182 1513 1242 repen·

262 1273 328 1324 sata
346 1273 390 1323 est
407 1261 480 1340 (Col.
496 1279 521 1338 3,
540 1280 565 1334 2,
586 1280 629 1339 15;
653 1263 719 1323 Sen.
731 1272 790 1322 nat.
806 1272 910 1341 quaest
927 1261 1049 1342 5,18,4;
1068 1263 1105 1322 de
1123 1264 1165 1322 ira
1182 1280 1207 1335 2,
1227 1279 1270 1340 32,
1291 1281 1316 1334 13
1335 1263 1512 1341 poster).-

262 1376 415 1441 repensare
441 1366 556 1442 proprie
583 1373 677 1425 exstat
699 1366 777 1425 Flor.
799 1383 829 1440 3,
854 1380 897 1441 15,
921 1363 956 1424 6:
986 1372 1075 1442 caput
1101 1383 1182 1425 auro.
1231 1367 1361 1426 Verbum
1385 1367 1512 1444 simplex

263 1471 407 1544 ,pensare‘
434 1468 577 1527 translata
603 1468 814 1542 significatione
839 1467 982 1526 invenitur
1004 1483 1033 1533 2,
1061 1465 1110 1536 88,
1140 1483 1172 1543 3:
1203 1477 1328 1527 mortem
1355 1471 1510 1530 immortali

167 1563 171 1572 '
264 1570 389 1629 nominis
407 1570 562 1639 memoria;
582 1585 610 1650 a,
635 1585 688 1639 111,
707 1585 736 1645 5:
759 1570 910 1628 victoriam
928 1569 1038 1629 damno
1061 1570 1160 1628 amissi
1178 1571 1286 1629 militis.
1305 1602 1344 1612 -
1363 1575 1511 1647 rependere

263 1672 379 1748 proprie
401 1673 519 1748 ponitur
546 1687 571 1742 2,
599 1669 626 1742 6,
655 1687 684 1746 51
716 1680 805 1747 caput
828 1689 899 1730 auro
920 1668 1047 1747 (Cicer0:
1075 1689 1180 1729 aurum
1202 1689 1254 1747 pro
1277 1655 1394 1749 capite);
1418 1683 1508 1732 trans·

265 1773 325 1833 late
348 1782 503 1849 usurpatur
525 1773 592 1832 Val.
615 1773 695 1832 Max.
714 1791 745 1849 5,
768 1790 794 1848 3.
818 1782 875 1832 ext.
892 1790 924 1848 3:
942 1774 1084 1833 beneficia
1106 1774 1215 1852 injuriis
1237 1777 1405 1851 rependere.
1427 1807 1467 1818 -

1615 1857 1616 1880 l

314 1961 316 1966 ,
349 1893 404 1953 His
431 1895 523 1953 verbis
547 1893 676 1972 Vellejus
702 1901 754 1952 aut
780 1911 888 1952 novam
914 1893 972 1950 vim
999 1902 1050 1952 aut
1071 1901 1245 1952 structuram
1268 1893 1307 1952 ab
1333 1885 1509 1970 optimorum
1615 1969 1616 1976 ἵ

264 1997 437 2074 scriptorum
461 1993 670 2054 consuetudine
692 1995 819 2052 alienam
841 1993 953 2052 videtur
974 1995 1146 2070 imposuisse
1167 1994 1290 2070 primus:

346 2116 478 2191 Adjicere
500 2131 620 2172 manum
640 2113 720 2171 alcui
746 2129 806 2188 pro,
822 2130 867 2182 e0,
891 2112 971 2188 quod
993 2120 1037 2171 est
1060 2113 1190 2190 injicere,
1212 2115 1364 2189 imponere
1390 2134 1511 2174 manum

263 2234 288 2284 2,
314 2233 379 2288 100,
406 2233 435 2275 11
459 2234 529 2274 nam
551 2223 582 2274 et
604 2215 727 2274 Parthus
751 2205 916 2274 desciscens
935 2233 954 2272 a
972 2215 1112 2273 societate
1130 2215 1267 2275 Romana
1285 2217 1390 2293 adjecit
1406 2219 1512 2275 Arme·

261 2321 328 2380 niae
355 2337 484 2379 manum.
528 2317 570 2376 Ut
591 2313 700 2386 autern,
718 2317 892 2375 observante
914 2315 1099 2386 Ruhnkenio,
1127 2318 1281 2394 scriptores
1307 2318 1402 2376 Latini
1429 2319 1512 2378 nullo

263 2421 430 2481 discrimine
451 2420 604 2479 inferre-et
626 2419 731 2478 afferre
749 2437 871 2478 manum
890 2418 997 2488 dicunt,
1020 2419 1060 2477 ita
1082 2436 1142 2477 non
1160 2421 1325 2495 promiscue
1343 2419 1397 2478 dici
1415 2429 1512 2497 potest

260 2525 378 2602 injicere
401 2531 431 2581 et
453 2523 582 2600 adjicere
600 2539 722 2580 manum
744 2519 860 2598 (inferre
883 2539 988 2580 manus
1011 2520 1073 2580 Cic.
1096 2520 1161 2580 Cat.
1182 2538 1203 2592 1,
1227 2521 1253 2592 8,
1275 2538 1322 2594 22;
1345 2523 1423 2582 Suet.
1447 2523 1510 2582 Cal.

259 2643 290 2701 51
307 2635 378 2685 extr.
394 2656 436 2668 -
456 2625 560 2683 afferre
573 2641 679 2682 manus
699 2622 802 2683 Cicero
821 2624 990 2701 saepissime
1006 2623 1089 2694 dixin
1110 2624 1146 2684 cs.
1159 2625 1307 2700 Mergum,
1327 2626 1456 2686 Lexicon
1475 2647 1511 2685 zu

262 2729 320 2787 den
342 2725 447 2787 Reden
469 2727 520 2785 des
543 2725 647 2784 Cicero
669 2743 697 2801 p.
722 2741 769 2800 92;
798 2725 864 2784 Sen.
888 2726 926 2784 de
947 2727 1014 2784 ben.
1036 2741 1061 2802 5,
1087 2741 1126 2802 15,
1149 2722 1189 2804 4).
1233 2728 1367 2806 Adjicere
1388 2747 1511 2787 manum

259 2830 349 2887 etiam
375 2829 518 2906 invenitur
544 2827 610 2887 Val.
638 2827 720 2886 Max.
748 2840 773 2901 7,
800 2841 825 2902 5,
853 2842 885 2900 43
916 2828 1032 2904 injicere
1055 2846 1175 2887 manum
1198 2827 1258 2888 Cic.
1286 2847 1339 2906 pro
1361 2829 1399 2902 Q.
1423 2831 1511 2890 Rosc.

263 2930 305 3003 16,
320 2930 372 3006 481
390 2931 452 2990 Liv.
473 2947 498 3000 2,
518 2946 557 3002 12,
581 2943 627 3005 ¹33
646 2928 712 2987 Val.
729 2928 811 2988 Max.
831 2943 856 3000 2,
876 2945 894 3004 9
912 2929 985 2999 init.;
1005 2945 1031 3004 3,
1050 2947 1075 3001 2,
1093 2945 1141 3004 23;
1164 2946 1192 3004 4,
1213 2948 1235 3001 1,
1256 2946 1299 3007 15;
1318 2945 1342 3006 7,
1362 2949 1387 2990 2.
1406 2940 1463 2991 ext.
1484 2949 1509 3003 11

260 3033 338 3092 Flor.
353 3049 379 3109 5,
394 3049 438 3110 25,
452 3049 480 3110 9.
506 3031 553 3090 De
562 3032 710 3091 locutione
724 3049 847 3090 manum
864 3031 1014 3107 imponere
1033 3033 1068 3090 ci.
1083 3031 1341 3110 Krebs·Allgayer,
1355 3035 1510 3093 Antibarb.

260 3135 307 3194 ed.
330 3135 366 3193 V.
383 3149 417 3212 'p.
440 3150 504 3211 557,
523 3137 570 3195 cui
592 3135 760 3196 addendum
783 3142 828 3206 est
850 3134 994 3213 Vellejum
1016 3153 1132 3214 semper
1154 3137 1250 3196 dicere
1272 3138 1401 3195 ultz'mam
1429 3140 1511 3204 (110111

260 3256 407 3308 summam,
430 3235 596 3314 extremam)
617 3255 740 3296 manum
762 3239 924 3316 imponere.
962 3237 1006 3296 Ci.
1029 3253 1054 3307 2,
1078 3253 1125 3312 53,
1150 3254 1176 3307 11
1199 3253 1224 3308 2,
1247 3237 1290 3313 87,
1315 3254 1340 3307 1;
1363 3253 1388 3308 2,
1412 3235 1457 3308 88,
1482 3255 1511 3308 11

97 3364 99 3370 r
173 3415 176 3420 Ι
261 3352 424 3413 2,117,1.

346 3458 446 3516 Accire
477 3457 569 3534 paulo
594 3457 765 3517 insolentius
793 3457 936 3516 translata
962 3457 1174 3532 significatione
1205 3456 1309 3516 dicitur
1339 3475 1368 3528 2,
1401 3457 1445 3534 58,
1478 3458 1509 3516 6:

265 3559 342 3634 regis
359 3568 463 3631 morte,
482 3580 572 3638 quam
594 3560 641 3621 ille
663 3561 841 3620 conscientia
864 3561 1017 3626 acciverat,
1037 3556 1168 3636 (Cyprus)
1189 3560 1269 3619 sacta
1290 3562 1440 3637 provincia
1457 3568 1506 3618 est.

264 3661 309 3720 Ci.
332 3661 410 3721 Flor.
434 3679 462 3736 4,
484 3679 509 3733 2,
534 3677 579 3738 71:
601 3670 726 3722 mortem
749 3663 837 3722 etiam
860 3661 953 3721 laetus
976 3662 1087 3720 accivit.

349 3775 480 3858 Agnosce·
503 3781 603 3840 addito
630 3782 811 3841 nominativo
837 3781 996 3858 praedicati
1023 3799 1076 3857 per
1098 3788 1131 3838 ut
1150 3798 1179 3851 2,
1205 3797 1252 3850 10,
1277 3799 1301 3840 11
1330 3791 1360 3841 at
1378 3801 1465 3853 nunc,
1489 3783 1516 3842 si
1615 3805 1616 3862 3

264 3883 328 3960 quis
349 3885 424 3942 tanti
441 3883 559 3953 habitet,
583 3884 629 3942 vix
651 3892 683 3942 ut
701 3891 820 3942 senator
842 3883 1018 3958 agnoscitur.

346 3995 399 4061 Ab·
418 4004 449 4061 in
471 4004 541 4078 alqd
559 4020 612 4078 pro
631 4019 676 4072 eu,
699 4001 779 4078 quod
798 4008 842 4060 est
864 4001 943 4077 apud
961 3985 1134 4059 Ciceronem
1156 4003 1276 4060 educari
1294 4005 1335 4061 ad
1353 4005 1423 4079 alqd
1440 4000 1516 4076 (Cic.

263 4103 347 4163 Verr.
370 4121 396 4180 3,
420 4120 465 4178 24,
488 4101 542 4162 601
565 4103 683 4162 homine
706 4103 744 4162 ad
767 4103 975 4179 turpitudinem
998 4103 1133 4178 educato)
1154 4119 1179 4174 2,
1198 4118 1243 4180 05,
1266 4121 1295 4165 21
1320 4107 1431 4183 juvenis
1454 4105 1517 4164 lor-

261 4213 352 4265 tunae
379 4204 568 4281 (nukfinftige
594 4203 670 4263 hohe
692 4202 850 4282 Stellung‘),
873 4205 901 4262 in
928 4223 1017 4280 quam
1035 4203 1177 4277 alebatur,
1204 4223 1298 4282 capax
1321 4203 1406 4280 (adde
1427 4207 1517 4266 lexic.

260 4305 374 4385 Latin).
404 4307 448 4366 Ci.
464 4305 725 4378 Val.Max.2,'10,
740 4324 773 4381 41
792 4308 830 4366 ad
849 4306 993 4365 excidium
1011 4308 1071 4384 ejus
1090 4308 1222 4368 alebatur
1239 4306 1326 4384 (adde
1335 4309 1417 4368 lexic.
1426 4306 1520 4385 Lat).

347 4410 512 4484 Ambige'tur
534 4410 613 4484 apud
632 4408 777 4485 quosdam
801 4426 824 4480 1,
848 4425 886 4484 15,
910 4426 940 4484 31
965 4409 1069 4468 eo'dem
1093 4418 1257 4487 temporum
1279 4419 1384 4482 tractu,
1405 4416 1520 4487 'quam-
