3268 5016
351 461 426 521 Pace
453 458 523 537 alcjs
550 455 681 530 dixerim¹
697 453 744 531 (cl.
766 455 891 532 Zumptii
914 453 1047 514 Gramm.
1070 454 1136 513 Lat.
1160 450 1180 530 ἓ
1201 449 1274 529 527),
1303 471 1379 531 quae
1405 453 1511 514 locutio
1613 433 1614 440 ἵ

265 564 380 643 Vellejo
401 563 431 621 in
449 560 557 620 deliciis
579 566 631 630 est,
654 556 691 616 cl.
716 574 738 626 2,
762 570 786 630 7,
809 572 841 629 43
866 572 887 627 1,
912 569 951 630 17,
975 571 1006 631 33
1029 572 1054 626 2,
1079 547 1147 632 229,
1162 572 1190 630 3.

351 664 471 724 Penates
493 659 689 738 metonymice
711 658 814 718 dicitur
836 676 889 734 pro
911 657 1026 717 aedr'bus
1043 674 1068 728 2,
1092 672 1137 733 74,
1160 675 1193 732 42
1216 659 1346 736 subjecto
1368 657 1456 717 rebus
1477 675 1512 716 ac

267 765 422 847 penatibus
444 765 515 841 igni.
558 762 604 821 Cl.
627 761 688 820 Cic.
711 778 764 837 pro
786 761 873 820 Rosc.
889 761 996 836 Amet.
1019 760 1045 831 8,
1069 775 1116 835 23;
1134 760 1206 832 Liv.‚
1225 759 1314 830 Curt„
1332 760 1406 819 Tac.

354 869 408 928 Ex
424 878 550 943 persona
574 881 599 935 1,
623 879 654 940 3,
676 878 693 921 2
715 871 744 923 et
765 880 794 937 3;
818 862 879 922 Cic.
902 863 939 922 de
961 864 1017 922 inv.
1042 881 1080 934 2,
1091 879 1137 940 52,
1161 880 1213 940 907
1242 863 1318 923 Gell.
1343 878 1390 934 20,
1413 861 1459 933 22,
1484 879 1509 934 22

267 971 351 1031 Lact.
379 971 447 1046 epit.
475 966 526 1042 48,
554 981 633 1042 7-
660 967 711 1032 rub
736 976 863 1041 persono
887 981 913 1035 1,
936 983 966 1040 3,
990 981 1018 1034 22
1049 966 1127 1025 Suet.
1158 966 1246 1026 Dom.
1280 983 1329 1036 10;
1361 965 1436 1026 Gell.
1467 981 1509 1035 20,
1616 988 1617 1007 ¹

267 1089 313 1144 22,
336 1088 385 1146 24;
411 1088 455 1146 23,
478 1086 512 1145 23
534 1066 593 1145 (22),
618 1085 655 1126 22.
695 1066 740 1127 Cf.
762 1066 1021 1144 Krebs·Allgayer,
1044 1068 1195 1127 Antibarb.
1217 1068 1262 1128 ed.
1286 1069 1323 1126 V.
1346 1087 1375 1156 p.
1398 1067 1459 1144 855.

269 1165 286 1206 ²
352 1174 465 1233 Plastes
486 1190 555 1232 eum
577 1170 733 1246 significat,
756 1171 806 1246 qui
833 1186 903 1228 vasa
924 1169 970 1228 vel
993 1177 1105 1229 statuas
1128 1170 1222 1229 aliave
1244 1188 1334 1247 opera
1356 1188 1392 1228 ex
1410 1169 1512 1244 argilla

266 1284 296 1337 et
317 1294 412 1354 gypso
433 1275 517 1350 fingit
539 1289 561 1342 2,
586 1286 625 1347 17,
647 1288 680 1345 4:
702 1272 758 1330 hoc
780 1271 859 1330 idem
881 1271 1012 1331 evenisse
1033 1273 1242 1346 grammaticis,
1265 1273 1375 1349 plastis,
1397 1273 1511 1348 pictori·

266 1381 330 1449 bus,
352 1376 544 1452 scalptoribus
566 1371 648 1449 (Vitr.
673 1389 695 1443 1,
720 1391 741 1442 r,
766 1389 810 1447 13;
834 1371 906 1430 Plin.
930 1373 1009 1449 maj„
1032 1369 1160 1451 poster).
1617 1455 1618 1458 Ἴ

351 1479 489 1539 Recessur
510 1476 614 1554 plurali
640 1493 711 1534 casu
733 1493 820 1533 sensu
842 1481 979 1533 concreto
1006 1493 1059 1550 pro
1081 1477 1138 1533 loco
1164 1482 1279 1547 remoto,
1302 1477 1411 1535 latebra
1433 1476 1514 1552 poni·
1617 1467 1618 1470 '

261 1590 314 1641 tur
335 1596 435 1655 2,,32,
459 1596 491 1653 42
518 1577 664 1654 descripto
685 1577 715 1635 in
738 1577 833 1636 omnis
859 1593 992 1635 recessus
1015 1578 1104 1636 maris
1130 1577 1276 1654 praesidio
1297 1575 1362 1654 (Ov.
1385 1579 1513 1654 saepius;

267 1681 332 1744 Liv.
355 1683 404 1760 38,
426 1698 475 1758 45,
499 1675 538 1758 9).
573 1677 734 1755 Singularis
756 1694 895 1738 numerus
917 1679 1000 1756 hujus
1023 1679 1101 1740 vocis
1123 1686 1218 1739 exstat
1240 1681 1319 1756 apud
1342 1680 1511 1742 Ciceronem

267 1784 317 1866 (ad
338 1787 397 1846 Art.
422 1801 460 1854 12,
482 1781 518 1843 26
542 1779 561 1858 §
583 1796 608 1850 2,
631 1781 746 1856 corrige
767 1774 936 1857 Klotzium),
957 1779 1080 1846 Livium,
1104 1781 1186 1840 alios.

352 1889 493 1965 Regimen
516 1892 589 1943 teste
610 1882 699 1942 Festo
721 1901 750 1958 p.
773 1882 825 1957 278
846 1880 892 1958 (6),
920 1900 937 1957 3
960 1882 1006 1941 ed.
1034 1883 1158 1942 Mueller
1179 1901 1233 1960 pro
1254 1887 1511 1960 regimento-usur·

266 2000 352 2070 patur
374 2009 393 2050 2
415 1990 517 2066 poetis.
562 1985 708 2045 Concreto
735 2001 823 2043 sensu
845 1985 935 2043 semel
959 1985 1038 2060 apud
1061 1969 1201 2044 Ovidium
1221 1982 1298 2060 (met.
1322 2002 1352 2060 3,
1374 1981 1439 2062 593)
1459 2002 1512 2061 pro

259 2093 458 2170 gubernaculo
480 2089 563 2150 navis
585 2096 691 2149 exstat.
735 2085 853 2146 Solutae
875 2089 1015 2147 orationis
1037 2089 1211 2164 scriptorum
1233 2089 1343 2164 primus
1366 2087 1515 2163 usurpavit
1561 2105 1564 2110 ·

266 2197 392 2272 regrinen
415 2193 512 2251 Livius
534 2189 570 2266 (3,
592 2207 638 2266 33,
661 2205 690 2265 72
713 2207 741 2263 4,
764 2206 807 2264 32,
831 2188 864 2266 5),
888 2190 993 2272 deinde
1011 2189 1140 2267 Velleius
1163 2207 1188 2260 2,
1212 2189 1255 2265 85,
1278 2206 1308 2248 22
1331 2188 1430 2248 classis
1453 2190 1513 2248 An·

265 2297 327 2356 toni
349 2295 482 2370 regimen
503 2293 672 2351 Publicolae
689 2290 830 2368 Sosioque
853 2291 1042 2350 commissum
1061 2286 1140 2368 (Val.
1158 2290 1250 2361 Max„
1272 2281 1355 2362 Tac.
1374 2290 1410 2349 cf.
1428 2291 1515 2349 Boet-

265 2397 334 2458 tich.
357 2398 443 2457 lexic.
463 2414 491 2472 p.
514 2388 593 2471 405).

351 2497 499 2558 Romanae
525 2497 593 2556 lem.
617 2496 689 2572 plur.
713 2495 803 2555 subst.
827 2495 903 2555 Vell.
926 2511 955 2567 2,
979 2510 1025 2571 75,
1051 2513 1082 2571 3;
1111 2497 1216 2573 singul.
1243 2496 1516 2583 formaJRomana‘

265 2603 327 2662 le.
353 2619 373 2670 1,
396 2600 442 2671 26,
464 2616 493 2673 4.
993 2675 995 2680 Ι

351 2704 555 2763 Rudr'mentum
573 2699 699 2777 primum
717 2701 892 2777 principium
914 2699 1065 2778 cujuslibet
1084 2701 1154 2760 artis
1172 2701 1217 2760 vel
1236 2701 1406 2778 disciplinae
1428 2703 1515 2778 signi·
1622 2717 1623 2722 ’

266 2807 335 2864 licat
356 2793 381 2872 2,
407 2819 465 2878 129,
487 2818 517 2861 22
545 2801 757 2860 Germanicum
780 2802 925 2860 imbutum
947 2801 1118 2861 rudimentis
1141 2803 1260 2862 militiae
1282 2803 1392 2880 recepit
1413 2801 1515 2878 (Poet,

264 2907 336 2977 Liv.,
360 2901 486 2982 postea).

346 3007 530 3083 'Simplicitas
556 3004 764 3081 praeeuntibus
791 3003 897 3063 Ovidio
924 3013 953 3065 et
974 3004 1058 3063 Livio
1084 3022 1139 3064 vox
1165 3005 1352 3066 usitatissima
1379 3015 1422 3066 est
1448 3009 1518 3067 inde

270 3130 289 3171 a
313 3111 427 3187 Vellejo
453 3106 595 3168 translata
619 3107 831 3182 significatione
852 3125 906 3183 pro
928 3107 1081 3182 probitate,
1109 3110 1225 3166 ueritate
1247 3109 1341 3184 posita
1363 3123 1390 3178 2,
1416 3125 1464 3179 20,
1486 3126 1516 3168 22

268 3212 470 3270 nobilissimae
488 3209 693 3287 simplicitatis;
716 3223 745 3278 2,
769 3224 822 3284 43,
846 3225 879 3282 42
902 3209 1032 3268 humana
1054 3207 1234 3284 simplicitas;
1258 3225 1286 3280 2,
1310 3223 1356 3284 72,
1379 3226 1411 3285 32
1435 3211 1518 3270 nobi·

267 3313 395 3388 lissimae
418 3311 623 3388 simplicitatis;
650 3325 679 3380 2,
709 3326 770 3387 225,
793 3326 823 3386 52
851 3311 1040 3386 simplicitatis
1067 3311 1310 3385 generosissimae
1335 3311 1412 3387 (Val.
1434 3313 1517 3372 Max.

193 3430 206 3440 ·
265 3431 292 3485 2,
315 3428 340 3491 5,
363 3429 393 3489 5;
416 3409 542 3490 poster).

274 3526 275 3530 ’
358 3514 614 3590 iimperamentum
637 3531 691 3592 pro
713 3517 908 3590 temperatione
931 3515 1009 3590 apud
1028 3515 1154 3590 optimos
1176 3514 1329 3594 scriptores
1351 3519 1443 3577 rarius
1464 3536 1519 3594 po·

268 3619 345 3677 nitur
366 3615 412 3691 (cl.
435 3615 496 3678 Cic.
518 3615 554 3676 de
579 3617 658 3692 legg.
682 3633 710 3692 3,
735 3632 778 3686 2ο,
801 3617 855 3692 24),
878 3636 896 3676 2
918 3618 1126 3692 posterioribus
1150 3618 1356 3696 frequentatur.
1393 3621 1468 3680 Vell.
1492 3635 1521 3690 2,

271 3736 337 3794 230,
363 3737 388 3778 22
421 3737 510 3795 quam
537 3719 694 3794 magnifico
717 3718 806 3776 animi
834 3727 1067 3794 temperamento
1089 3719 1220 3798 Pompeji
1247 3739 1370 3780 munera
1396 3722 1522 3781 instituit

267 3821 351 3897 (Col.,
373 3823 445 3882 Plin.
468 3824 545 3900 maj„
568 3822 652 3891 Tac„
675 3817 768 3899 Just).

359 3926 515 4000 tempestas
540 3932 693 4004 poetarum
721 3941 803 3983 more
825 3940 877 3999 pro
904 3930 1036 3997 tempere,
1063 3931 1095 3982 ut
1123 3927 1292 4001 saepissime
1317 3925 1395 4001 apud
1422 3925 1520 3984 Sallu·

268 4029 357 4089 stium
380 4036 410 4088 et
431 4028 553 4098 Livium,
577 4033 671 4086 exstat
695 4042 717 4096 2,
740 4040 765 4095 2,
788 4041 819 4099 3;
849 4043 870 4095 2,
893 4024 919 4096 8,
944 4024 976 4095 62
999 4040 1023 4095 2,
1046 4026 1093 4100 78,
1116 4042 1142 4101 3.
1182 4027 1226 4086 ct.
1248 4026 1520 4104 Krebs·Allgayer,

270 4131 425 4190 Antibarb.
448 4129 493 4189 ed.
518 4130 554 4187 V.
572 4147 601 4205 p.
624 4143 698 4203 1129.

359 4232 471 4291 titulus
492 4230 630 4290 translate
652 4244 705 4305 pro
722 4235 886 4303 praetextu,
909 4231 995 4304 speeie
1017 4237 1172 4306 usurpatur
1189 4247 1214 4300 2,
1233 4246 1278 4309 45,
1301 4248 1334 4305 42
1357 4232 1412 4290 sub
1434 4229 1523 4290 titulo

269 4335 408 4395 ministeri
434 4333 476 4392 M.
501 4333 645 4392 Catonem
668 4349 686 4389 a
708 4331 858 4407 republica
884 4331 1024 4407 relegavit
1047 4328 1127 4409 (On,
1151 4335 1251 4410 Verg„
1274 4335 1334 4392 Liv.
1356 4350 1386 4409 3,
1407 4334 1455 4409 67,
1480 4331 1521 4410 9).

358 4437 446 4507 Ultr'o‚
479 4454 537 4512 qua
568 4450 639 4493 voce
665 4434 761 4494 Livius
791 4435 901 4510 primus
927 4436 1040 4494 videtur
1066 4455 1134 4496 usus
1161 4453 1237 4506 esse,
1266 4454 1283 4494 a
1310 4437 1523 4512 posterioribus
