3268 5016
620 261 926 352 ¹-28-

207 445 311 529 domus
338 442 434 522 (Hor.‚
459 448 561 522 Verg„
589 447 657 506 Sall.
686 449 751 507 hist.
773 464 804 523 5,
828 462 859 523 71
883 449 943 520 D.,·
957 448 1052 526 post).
1096 448 1199 508 Cicero
1221 447 1277 508 hac
1300 467 1370 508 voce
1393 466 1452 508 non

205 549 304 619 utitur,
328 549 382 607 nisi
403 567 456 625 per
478 550 708 609 translationem.

291 647 448 710 Mediocris
469 649 573 710 dicitur
598 652 635 711 de
662 653 770 728 gradu,
799 671 857 730 quo
883 653 1017 712 homines
1044 653 1118 711 inter
1145 669 1177 712 se
1199 651 1335 711 differunt
1357 660 1386 711 et
1407 660 1452 711 est

205 769 258 828 pro
280 753 408 828 ignobili,
431 773 487 812 non
506 755 619 813 illustri
637 771 662 824 2,
684 771 726 826 22,
750 771 778 814 2:
802 773 897 833 neque
919 756 1035 814 licentia
1057 735 1222 830 gladiorum
1244 756 1275 814 in
1296 753 1450 814 mediocris

204 850 316 932 (,Leute
337 873 393 914 von
422 855 569 915 niederem
590 856 718 931 Stande‘)
744 859 898 927 saevitum.
926 857 977 918 sed
1004 858 1191 917 excelsissimi
1218 874 1335 935 quoque
1362 866 1451 934 atque

205 957 425 1016 eminentissimi
447 959 569 1018 civitatis
591 960 642 1017 viri
665 961 748 1020 variis
769 961 976 1037 suppliciorum
1000 960 1156 1036 generibus
1174 959 1281 1018 affecti.
1313 958 1358 1018 Cf.
1378 958 1450 1036 Just.
1481 941 1483 946 ¹

171 1113 175 1124 ,
207 1074 227 1128 1,
251 1075 279 1131 4,
302 1077 334 1134 4:
358 1059 496 1137 Cambysi
518 1061 656 1120 mediocri
679 1063 740 1121 viro
762 1063 850 1122 liliam
873 1064 902 1121 in
924 1062 1144 1121 matrimonium
1166 1060 1292 1120 tradidit.

289 1161 395 1235 Naour
417 1163 535 1240 adject,
563 1162 642 1239 quod
665 1181 683 1221 a
705 1163 847 1223 Cicerone
869 1181 984 1240 semper
1006 1164 1043 1223 de
1065 1163 1196 1240 personis
1222 1171 1391 1239 usurpatur,
1419 1170 1451 1220 ut
1562 1211 1564 1216 .
1608 1149 1609 1158 ¹

204 1263 284 1339 apud
299 1255 375 1324 Veli.
394 1280 422 1335 2,
443 1279 504 1340 105,
522 1281 547 1335 2,
567 1265 696 1344 Vellejus
719 1267 828 1342 primus
845 1267 958 1326 videtur
976 1267 1159 1326 transtulisse
1177 1265 1215 1326 ad
1232 1283 1279 1325 res
1296 1281 1321 1336 2,
1342 1279 1402 1334 120,
1423 1281 1454 1322 1·.

205 1382 281 1424 nava
303 1367 432 1442 virilique
454 1385 546 1442 opera
566 1365 622 1442 (Sil.
640 1367 705 1428 Ital.
726 1385 748 1438 1,
766 1351 836 1445 549:
859 1369 1036 1454 rudimenta;
1062 1381 1089 1444 7,
1107 1383 1178 1442 350:
1201 1365 1302 1444 timor).
1333 1366 1450 1426 Lectio·

204 1485 273 1526 nem
297 1472 437 1544 ‚gnavus‘,
460 1487 537 1545 quae
559 1469 662 1528 melior
683 1469 796 1529 videtur
817 1488 894 1540 esse,
917 1471 1026 1545 recepit
1047 1468 1194 1529 Halmius.

294 1570 405 1641 linare,
424 1589 483 1648 quo
501 1571 644 1631 vocabulo
664 1570 767 1630 Cicero
783 1590 836 1648 per
853 1573 1076 1631 translationem
1095 1573 1184 1631 utitur
1202 1571 1262 1630 iere
1280 1589 1333 1647 pro
1350 1588 1448 1645 parco,

203 1667 306 1740 avaro,
330 1691 348 1732 a
371 1672 484 1750 Vellejo
506 1674 622 1750 ponitur
644 1674 759 1751 proprie
782 1672 819 1732 de
841 1691 885 1743 eo,
908 1667 990 1749 quod
1009 1673 1093 1731 firme
1114 1667 1203 1741 tenet,
1226 1680 1345 1730 etcum
1368 1672 1450 1747 geni·

202 1772 261 1831 tivo
283 1773 469 1852 conjungitur
491 1792 519 1845 2,
543 1792 591 1851 29,
615 1792 644 1850 51
668 1763 861 1834 amicitiarum
883 1781 985 1844 tenax;
1008 1791 1036 1843 2,
1060 1773 1110 1848 84,
1133 1791 1163 1849 3:
1185 1774 1298 1833 Dellius
1320 1773 1447 1849 exempli

202 1876 247 1934 sui
260 1885 358 1935 ‘tenax
380 1875 480 1951 (Poet,
503 1877 572 1948 Liv.,
596 1877 722 1954 poster).
747 1908 786 1920 -
852 1905 854 1910 v
916 1903 918 1908 v
1382 1957 1383 1961 Ἰ

288 1978 354 2056 Jam
377 1980 457 2056 apud
479 1980 641 2055 superiores
664 1981 817 2056 scriptores
835 1979 939 2040 iisdem
957 1980 1222 2055 significationibus,
1246 1979 1350 2056 quibus
1368 1977 1447 2055 apud

204 2079 357 2158 Vellejum‚
381 2081 433 2140 sed
455 2083 547 2140 rarius
569 2091 684 2141 exstant
707 2082 849 2160 adjectiva
871 2083 957 2141 haec:
1150 2070 1184 2092 '³

287 2183 415 2261 Africus
436 2167 502 2259 pro:
525 2184 693 2262 Africanus
715 2201 744 2254 2,
767 2183 817 2259 56,
840 2200 869 2242 2:
892 2192 1049 2260 apparatus
1072 2182 1161 2243 Alrici
1182 2180 1340 2260 (triumphi)
1362 2184 1450 2242 ebore

202 2284 338 2343 constitit.
370 2283 415 2344 Cf.
433 2285 509 2361 Scip.
527 2284 589 2344 Afr.
608 2285 641 2343 ir.
661 2285 741 2362 apud
758 2285 834 2362 Geli.
852 2303 881 2359 4,
902 2285 942 2356 18,
961 2303 992 2361 5;
1011 2285 1096 2344 Caes.
1115 2286 1143 2343 b.
1162 2304 1187 2345 c.
1207 2302 1231 2356 2,
1250 2302 1293 2361 32,
1316 2301 1359 2361 15;
1382 2284 1450 2346 Sall.

204 2385 280 2464 Jug.
294 2386 339 2459 18,
363 2403 394 2464 9;
418 2388 479 2446 Liv.
502 2405 546 2459 21,
572 2406 597 2458 1,
621 2406 650 2463 4.
695 2388 780 2447 Adde
802 2389 919 2448 Kneim.
942 2408 970 2466 p.
992 2405 1061 2464 540.

243 2496 246 2502 ’
286 2490 398 2567 Agrii,
430 2507 488 2567 quo
520 2491 664 2549 vocabulo
693 2489 816 2550 Sisenna
849 2499 971 2567 excepto
1002 2491 1112 2567 primus
1142 2489 1255 2549 videtur
1284 2509 1354 2550 usus
1385 2507 1450 2548 esse

202 2589 394 2667 11111111150,
418 2607 465 2661 10,
489 2588 523 2667 5),
550 2592 630 2667 apud
657 2600 759 2668 poetas
781 2593 951 2667 Augusteae
977 2593 1082 2652 aetatis
1109 2599 1138 2651 et
1164 2593 1339 2668 posteriores
1366 2592 1451 2651 solut.

202 2702 276 2752 orat.
299 2695 452 2770 scriptores
475 2694 591 2771 saepius
613 2694 756 2752 invenitur
781 2712 834 2771 pro
857 2697 989 2770 inpigro,
1013 2695 1095 2752 laud
1113 2696 1204 2770 regni.
1248 2694 1335 2770 Apud
1354 2693 1460 2752 Velle·-

200 2797 262 2872 jum
284 2795 425 2855 translate
447 2803 542 2854 exstat
564 2810 593 2865 2,
618 2811 683 2871 105,
707 2811 736 2853 2:
763 2796 855 2854 virum
878 2795 1067 2870 multiplicem
1090 2797 1119 2855 in
1141 2796 1305 2867 virtutibus,
1332 2814 1448 2866 navum,

202 2898 323 2973 agilem,
351 2897 504 2974 providum
525 2895 647 2972 (Sisenn.
676 2897 709 2956 fr.
736 2897 805 2967 280,
833 2913 849 2956 2
880 2896 926 2955 P.:
958 2897 1066 2974 agilem
1089 2897 1263 2974 facilemque
1286 2898 1449 2966 victoriam;
1519 2957 1524 2965 ,

202 2998 289 3068 Ηο1.,
309 2997 376 3070 Ov.,
396 2997 472 3070 Col,
494 3000 561 3059 Sen.
580 3000 657 3075 phil.
679 3000 752 3058 Plin.
775 3000 853 3070 min,
875 2996 974 3082 Suet).
1456 3013 1458 3018 ’

286 3103 427 3172 14211112,
451 3117 498 3178 55,
521 3117 553 3176 4:
575 3103 708 3160 inventus
730 3101 805 3160 inter
826 3101 995 3162 solitudines
1018 3102 1106 3179 avias3
1134 3119 1162 3172 2,
1187 3114 1233 3178 75,
1257 3118 1288 3176 5;
1310 3120 1362 3179 per
1384 3103 1448 3162 avia

202 3202 337 3262 itinerum
361 3201 493 3280 (Poetae,
516 3203 585 3263 Sall.
608 3203 674 3282 Jug.
697 3218 747 3279 54,
771 3219 802 3278 9;
826 3203 886 3261 Liv.
909 3221 940 3280 9,
965 3220 1010 3280 19,
1032 3202 1082 3272 ¹rt'›;
1105 3219 1152 3278 25,
1175 3220 1222 3278 52,
1247 3203 1283 3278 6).

288 3306 386 3366 Bonus
408 3306 477 3382 alqa
495 3323 610 3382 repro:
632 3306 767 3375 eximius,
785 3312 940 3380 praestans
961 3320 986 3376 2,
1005 3303 1050 3375 88,
1071 3323 1097 3363 r:
1119 3304 1161 3363 M.
1180 3304 1317 3381 Lepidus,
1337 3306 1449 3384 juvenis

202 3408 296 3468 forma
319 3427 408 3484 quam
426 3405 530 3490 'mente
552 3407 663 3466 melior.
708 3406 756 3466 cf.
775 3407 844 3465 Sall.
867 3406 933 3485 Jug.
958 3397 1034 3482 7,5;
1059 3423 1104 3481 15,
1130 3421 1154 3476 1;
1178 3423 1230 3484 49,
1254 3423 1278 3464 2.

217 3495 224 3513 '
290 3509 434 3569 Classicus
457 3528 510 3586 pro
532 3528 567 3568 eo
590 3509 700 3580 dicitur,
724 3504 805 3585 quod
828 3509 907 3585 apud
925 3508 1098 3568 Ciceronem
1117 3518 1160 3569 est
1177 3512 1291 3568 nacolii
1313 3513 1338 3578 ’2,
1357 3507 1400 3584 85,
1422 3526 1446 3567 1:

200 3613 349 3688 Agrippae
367 3631 455 3670 omne
473 3612 587 3670 classici
604 3612 772 3670 certaminis
791 3611 940 3669 arbitrium
959 3612 1161 3681 commissum
1179 3627 1203 3682 2,
1223 3611 1265 3682 81,
1284 3629 1315 3687 3:
1333 3613 1448 3686 insigne

200 3730 329 3772 coronae
356 3715 509 3783 classicae;
541 3729 570 3784 2,
600 3730 657 3784 121,
690 3730 716 3771 1:
747 3713 894 3772 concussis
921 3713 1048 3772 hostium
1076 3713 1182 3773 viribus
1208 3715 1336 3773 classicis
1364 3709 1445 3791 (Lim,

199 3813 290 3891 Tac).

289 3917 472 3994 Cognomina
490 3919 600 3989 dicitur,
624 3920 674 3995 qui
697 3918 828 3995 ejusdem
846 3904 971 3976 nominis
989 3925 1034 3976 est
1051 3935 1118 3977 cum
1136 3918 1193 3977 alio
1212 3926 1241 3976 et
1259 3935 1326 3976 cum
1349 3918 1447 3976 dativo

199 4021 383 4097 conjungitur
407 4037 432 4090 1,
457 4037 486 4091 1,
511 4038 536 4079 1:
570 4023 777 4095 cognominem
800 4021 911 4096 patriae
933 4038 1003 4080 suae
1026 4019 1175 4080 Salamina
1198 4020 1356 4102 constituit.
1401 4019 1446 4078 Cf.

198 4116 262 4179 Liv.
285 4136 315 4196 5,
338 4138 388 4196 54,
412 4139 443 4198 91
475 4123 652 4198 cognomine
674 4123 843 4182 Insubribus
865 4137 957 4198 pago;
984 4122 1064 4181 Suet.
1088 4120 1156 4180 Oth.
1182 4139 1192 4181 1
1217 4130 1302 4181 extr:
1335 4139 1447 4197 cogno·

102 4271 115 4288 .
199 4225 308 4282 minem
327 4225 381 4282 sibi
401 4221 519 4301 (filium).
552 4299 554 4303 Ι

287 4324 520 4385 commendabilis
552 4345 619 4385 cum
646 4327 703 4386 abl.
730 4328 875 4403 conjunct.
903 4343 931 4397 2,
955 4344 986 4403 9,
1011 4326 1043 4386 6:
1079 4328 1206 4386 novitate
1233 4326 1341 4385 inventi
1368 4343 1386 4383 a
1413 4342 1445 4383 se

198 4427 293 4504 operis
311 4428 575 4487 commendabilem
593 4427 815 4505 (Pomponium).
847 4427 892 4487 Cf.
911 4429 973 4488 Liv.
992 4444 1036 4502 42,
1055 4445 1081 4504 5,
1100 4445 1129 4504 5;
1150 4427 1221 4503 Val.
1234 4427 1313 4486 Max.
1333 4443 1360 4502 9,
1381 4443 1402 4496 1,
1419 4441 1445 4483 2.
