3268 5016
693 335 896 394 „5-

165 487 269 587 jectiue
291 514 336 566 est
357 506 410 576 rei,
434 487 464 565 in
488 489 548 579 que¹
562 507 703 580 quispiam
726 496 879 576 interest,
906 506 984 564 velut
1001 521 1032 582 2,
1050 497 1097 582 89,
1116 524 1154 582 4:
1173 508 1257 566 rediit
1280 511 1420 570 securitas

166 607 345 679 hominibus;
373 624 402 677 2,
426 607 478 684 98,
503 623 529 665 ιι
557 624 650 684 quem
677 607 839 666 securitatis
865 607 1000 666 urbanae
1025 608 1178 667 custodem
1205 610 1362 681 habemus;
1376 617 1419 684 ’2,
1483 624 1488 638 ·

165 712 229 794 ι28,
252 728 286 785 4:
317 710 347 770 id
370 711 399 768 in
421 691 728 769 tutelamsecuritatis
751 726 824 767 suae
845 701 970 770 advocet
992 707 1075 784 (Plio.
1098 712 1167 788 maj.
1189 720 1218 769 et
1238 713 1325 783 min,
1351 711 1419 772 Sea.

165 798 249 888 phil,
270 811 363 889 Tae).
546 809 578 815 ’ἵ
626 808 628 814 ’
1249 823 1254 834 ’
1343 873 1346 880 ι
1404 871 1407 878 .

251 911 358 972 Sensus
380 908 438 970 v‘im
457 911 546 970 habet
564 913 714 972 sentcntiae
730 912 824 970 verber
842 922 995 987 expressae
1017 928 1042 982 2,
1061 927 1089 988 9,
1109 911 1142 971 6:
1164 930 1237 973 sane
1254 932 1315 974 non
1334 917 1418 992 iguo·

162 1033 262 1074 remus
284 1011 481 1092 Pomponium
504 1012 639 1072 sensibus
665 1015 801 1072 crebrum
823 1013 937 1090 (Haase
964 1020 995 1072 et
1021 1011 1113 1072 Halm
1136 1015 1303 1085 ‚celebrem‘
1324 996 1417 1091 (stat,

165 1116 283 1188 Quint,
305 1111 400 1188 rae).
445 1113 492 1174 cs.
510 1098 654 1173 Boeltich.
676 1115 760 1173 rene.
783 1099 931 1192 ‘baasa
955 1129 1011 1190 424
1037 1114 1132 1189 (aare
1152 1113 1240 1177 roeos'
1258 1120 1362 1198 vaajr
1389 1129 1420 1180 et

164 1217 262 1276 Taciti
284 1217 323 1276 ad
346 1215 607 1292 Krebs·Allgayer,
629 1217 784 1275 Antibarb.
807 1217 853 1276 ed.
877 1218 914 1276 V.
939 1237 967 1294 p.
992 1213 1085 1294 1062).
1129 1218 1216 1292 Quae
1243 1221 1418 1296 significatio

165 1309 266 1388 aurea,
288 1336 366 1394 quae
387 1324 518 1388 vocatur,
542 1305 641 1376 aetate
668 1307 903 1392 poetarumest,
921 1319 977 1377 vid.
1001 1319 1075 1380 Hor.
1097 1327 1154 1380 sat.
1178 1339 1204 1390 1,
1228 1337 1259 1396 3,
1283 1321 1332 1380 66.

186 1398 188 1401 V
250 1418 346 1482 Series
368 1419 485 1494 proprie
507 1426 551 1477 est
573 1416 646 1476 ordo
668 1436 766 1477 rerum
788 1419 913 1479 invicem
936 1437 1080 1478 nexorum
1102 1429 1131 1480 et
1152 1422 1266 1482 ratione
1287 1417 1418 1499 quadam

164 1521 423 1597 dispositarumz,
448 1536 512 1590 120,
535 1536 568 1593 4:
600 1520 770 1595 complexus
793 1529 965 1580 catenarum
988 1522 1093 1580 seriem
1115 1520 1220 1596 (Curt,
1242 1522 1316 1584 Plin.
1339 1527 1417 1603 maj,

163 1622 257 1693 Suet,
280 1616 406 1698 poster).
434 1620 538 1680 Cicero
555 1620 612 1679 ha'c
631 1636 705 1679 voce
723 1639 775 1696 per
783 1621 1014 1682 translationem
1032 1622 1145 1683 videtur
1166 1622 1217 1694 ιιιῑ,
1235 1631 1268 1726 ιιι
1290 1625 1419 1704 Vellcjus

161 1725 272 1800 ipssa,-
293 1724 349 1793 118,
370 1741 395 1782 r:
418 1723 512 1780 litium
535 1721 624 1782 series
644 1720 773 1798 (Plural.)

249 1823 329 1883 snus
351 1795 510 1883 insolenter
531 1821 608 1881 de“
591 1841 624 1882 us
647 1824 734 1882 rebus
757 1823 869 1895 dicitur,
892 1843 969 1901 quae
991 1825 1237 1893 obsoleverunt,
1224 1845 1260 1884 m
1278 1826 1417 1886 desuetu-

165 1925 264 1984 dinem
287 1926 474 1994 abierunta,
499 1923 564 1996 126,
587 1940 617 1983 2:
644 1926 836 2001 sepultaeque
857 1944 894 1986 ac
916 1927 972 1985 situ
996 1927 1115 1986 obsitae
1130 1928 1250 2005 justitia,
1273 1930 1415 2034 aequitas,
1479 1987 1481 1994 ,

160 2027 304 2086 industria
325 2027 433 2086 civitati
452 2025 592 2086 redditae.
629 2026 674 2085 Cf.
695 2025 843 2098 Gellao,
864 2043 890 2097 1,
911 2042 956 2086 ιο

247 2127 343 2204 Spr‘rit
344 2149 379 2187 us
400 2128 610 2205 praeeuntibus
634 2130 728 2204 poetis
747 2128 853 2189 Ovidio
871 2139 901 2190 et
916 2130 1046 2205 Vergilio
1069 2130 1106 2189 de
1124 2127 1275 2200 carissimo
1298 2132 1417 2191 homine

160 2223 278 2308 ponitur
299 2247 324 2300 2,
349 2246 407 2306 123,
430 2247 461 2305 3:
484 2228 667 2289 subrelectus
689 2232 785 2306 primo
806 2223 1179 2309 conspectu'alloquioque
1200 2234 1340 2301 carissimi
1363 2234 1417 2293 sibi

160 2333 279 2408 spiritus
300 2329 400 2407 (etiam
419 2331 597 2392 Germanice
616 2332 732 2391 dicitur:
754 2335 843 2403 ,mein
864 2334 957 2392 liebes
975 2332 1105 2408 Leben‘).
1140 2333 1255 2394 Eadem
1277 2333 1416 2411 loquendi

160 2433 234 2492 ratio
253 2431 399 2510 reperitur
416 2435 446 2493 in
464 2433 506 2492 M.
525 2434 625 2493 Aurel.
640 2434 748 2510 Imper.
764 2435 802 2493 ad
820 2435 962 2496 Fronton.
980 2453 1007 2509 p.
1026 2451 1056 2493 21
1075 2434 1122 2492 ed.
1137 2433 1327 2502 ¹Romanae
1347 2433 1414 2510 1823

159 2531 211 2611 (=
230 2550 301 2610 253,
325 2534 343 2592 8
365 2529 465 2610 Nab.):
488 2521 578 2604 Vale,
601 2551 686 2593 meus
709 2536 825 2611 spiritus
846 2533 941 2612 (Adde
958 2531 1057 2595 lexicis
1078 2536 1210 2609 Latinis).
1355 2603 1358 2610 ¹

242 2635 381 2716 Tractus.
426 2633 495 2694 Hoc
516 2634 692 2694 vocabulum
719 2637 756 2695 de
782 2653 868 2696 cursu
896 2647 925 2696 et
951 2638 1049 2714 spatio
1075 2639 1215 2714 temporis
1238 2645 1411 2715 usurpatum

159 2735 275 2813 Vellejo
293 2735 323 2794 ln
342 2734 452 2795 deliciis
470 2740 522 2806 est,
542 2735 579 2794 cf.
599 2753 621 2806 1,
641 2735 668 2808 6,
687 2745 762 2822 4;wr-',
783 2752 807 2813 7,
825 2754 854 2810 23
876 2753 897 2810 1,
918 2754 961 2815 15,
981 2754 1012 2814 3:
1030 2755 1056 2810 2,
1074 2757 1102 2816 9,
1122 2754 1193 2810 132,
1213 2756 1258 2810 ιο,
1277 2756 1306 2810 2;
1326 2757 1350 2812 2,
1369 2740 1413 2815 78,

160 2849 198 2908 1;'
209 2854 234 2909 2,
253 2853 302 2913 94,
323 2855 334 2895 1
358 2833 434 2912 (Val.
451 2836 543 2907 Max,
560 2837 634 2896 Plin.
653 2841 730 2916 maj,
748 2841 832 2910 Tac,
851 2841 908 2899 vid.
926 2840 1070 2900 Boettich.
1093 2842 1176 2901 lexic.
1194 2841 1271 2901 Tac.
1289 2862 1318 2917 p.
1337 2841 1412 2918 462).

247 2939 358 2997 Umbra
380 2937 522 2997 translate
541 2938 644 2997 dicitur
666 2958 720 3014 pro
742 2941 948 3018 obscuratione,
969 2945 1078 3000 sz'lentro
1101 2958 1131 3012 2,
1153 2941 1205 3012 68,
1230 2960 1257 3016 1,
1279 2943 1326 3000 cui
1347 2943 1414 3002 loco

158 3042 302 3116 optimam
320 3041 567 3115 interpretationis
585 3041 670 3115 quasi
687 3041 865 3100 medicinam
882 3043 1019 3118 praebuit
1036 3042 1073 3100 D.
1088 3041 1290 3103 Ruhnkenius
1313 3043 1413 3104 Verba

158 3151 230 3202 sunt.
254 3142 372 3221 Velleji:
409 3160 506 3218 neque
532 3144 609 3200 enim
640 3160 767 3217 persona
794 3145 930 3204 umbram
958 3153 1044 3212 actae
1071 3145 1112 3202 rei
1143 3144 1236 3218 capit,
1267 3162 1345 3220 quae
1371 3147 1411 3204 lta

158 3241 352 3303 Ruhnkenius
379 3245 599 3319 interpretatur:
622 3243 700 3314 ‚Non
722 3246 788 3303 talis
811 3255 856 3306 est
878 3260 1005 3323 persona
1027 3244 1159 3315 Coelius,
1182 3253 1214 3303 ut
1236 3246 1326 3303 taceri
1349 3247 1411 3323 ejus

158 3352 225 3403 acta
248 3346 375 3420 possint;
398 3347 504 3404 umbra
526 3345 573 3404 lric
596 3353 640 3404 est
662 3346 843 3416 obscuratio,
867 3347 1014 3406 silentium
1037 3347 1074 3405 de
1096 3347 1158 3421 illo,
1180 3365 1241 3406 non
1263 3349 1343 3422 capit
1364 3347 1411 3406 'est

158 3460 225 3520 pro·
248 3462 308 3503 non
326 3463 420 3522 capax
439 3456 490 3517 est,
514 3465 574 3505 non
592 3447 710 3522 patitur.
747 3448 828 3505 Rara
849 3447 988 3526 loquendi
1010 3447 1114 3552 forma,
1137 3449 1219 3525 cujus
1242 3449 1410 3556 exemplum

156 3562 213 3605 nec
234 3546 297 3622 ipse
318 3548 411 3634 reperi
433 3565 488 3606 uec
511 3549 551 3606 ab
573 3549 636 3606 aliis
659 3555 806 3623 repertum
829 3550 926 3606 scio!

249 3645 429 3705 Vexr‘llerr'ns
455 3649 534 3725 apud
553 3649 682 3719 Livium,
709 3651 760 3725 qui
786 3651 896 3724 primus
923 3650 980 3710 hac
1006 3667 1079 3709 voce
1105 3651 1174 3710 usu's
1203 3660 1247 3710 est
1235 3651 1302 3720 t,8
1325 3650 1355 3721 8,
1378 3669 1406 3725 4,

155 3768 224 3808 eum
252 3748 409 3823 significat,
438 3751 487 3824 qui
513 3753 653 3808 vexillum
668 3752 742 3829 fert
765 3749 851 3826 (adde
873 3752 948 3810 Tac
970 3751 1035 3810 hist
1059 3768 1085 3822 1,
1107 3750 1188 3827 41).
1205 3752 1260 3811 Per
1282 3754 1407 3813 transla-

155 3851 266 3909 tionem
289 3847 370 3926 apud
393 3848 538 3927 V'ellejum
561 3853 688 3927 primum
710 3861 740 3911 et
762 3849 878 3928 saepius
894 3853 981 3928 'apud
1002 3853 1142 3911 Tacitum
1164 3855 1321 3912 vexillarii
1340 3863 1408 3914 sunt

156 3950 261 4010 milites
283 3951 413 4011 veterani
435 3949 503 4010 inde
526 3952 565 4009 ab
583 3952 710 4028 Augusti
731 3955 921 4030 temporibus,
943 3948 1162 4031 qui'stipendiis
1179 3955 1237 4016 XX
1261 3974 1406 4016 annorum

154 4049 241 4109 saetis
258 4069 295 4132 ex
312 4041 475 4127 legionibus
491 4053 574 4112 electi
588 4054 652 4114 aliis
665 4055 909 4132 adjungebantur,
928 4064 961 4114 ut
974 4072 1023 4116 res
1035 4055 1212 4133 postulabat,
1232 4057 1406 4133 quibuscum

155 4151 329 4212 militabant
376 4153 481 4231 Neque
507 4153 603 4214 solum
631 4157 761 4215 veterani
789 4165 885 4227 erant,
917 4156 970 4217 sed
996 4158 1086 4216 etiam
1113 4157 1260 4217 interdum
1288 4160 1404 4230 tirones,

154 4253 311 4330 auxiliarii,
342 4255 466 4330 equites,
498 4257 548 4332 qui
570 4245 613 4314 in·
632 4257 812 4332 singularem
825 4258 972 4327 ‘ordinem
999 4258 1154 4336 compositi
1181 4258 1279 4334 aliquo
1310 4261 1407 4320 mitte·

121 4354 122 4357 ’
154 4353 271 4413 bantur.
293 4352 443 4414 Vexillarii
461 4365 560 4417 autem
579 4356 814 4432 appellabantur,
833 4355 903 4436 qula
921 4359 1080 4436 separatim
1098 4377 1116 4418 a
1134 4358 1286 4434 legionum·
1303 4361 1406 4440 aquilis

153 4455 209 4514 sub
228 4457 351 4532 propriis
370 4457 480 4517 vexillis
499 4458 628 4519 stabant.
659 4457 704 4516 Cf.
723 4459 864 4520 lioettich.
883 4461 968 4521 lexic·
984 4459 1081 4519 Tacit.
1100 4479 1129 4534 p.
1147 4459 1215 4535 489,
1234 4462 1284 4519 ubi
1302 4481 1406 4524 omnes
