3268 5016
114 515 303 590 scriptoribus
325 514 511 592 lrequentata
529 523 580 575 est.
612 514 665 580 Cf.
688 514 750 574 Liv.
773 529 797 590 7,
821 532 868 590 30,
894 531 938 590 14;
962 531 1004 592 31,
1027 532 1072 590 24,
1097 532 1122 585 1;
1148 517 1221 576 Vell.
1240 533 1265 587 2,
1285 531 1309 592 7,
1329 515 1363 588 6;

113 633 138 686 2,
163 615 207 693 65,
231 632 256 675 1:
279 633 304 688 2,
329 632 385 693 125,
408 634 437 692 5;
462 617 529 676 Val.
552 616 633 677 Max.
657 616 684 689 ὁ,
707 635 733 693 3,
758 634 799 703 11;
823 616 949 695 postea).

209 718 351 779 Veneratio
378 719 457 796 apud
488 721 614 796 optimos
641 721 796 797 scriptores
827 721 997 798 plerumque
1025 720 1062 780 de
1089 720 1151 780 deis
1176 723 1294 798 ponitur
1314 717 1363 794 (cf.

112 831 214 882 tamen
231 821 292 883 Cic.
311 823 349 882 de
366 830 427 882 nat.
445 820 526 880 deor.
547 837 569 892 1,
590 835 628 896 17,
647 837 698 897 451
721 823 810 881 habet
831 823 1048 882 venerationem
1071 823 1208 899 quicquid
1230 823 1362 899 excellit),

112 925 192 1000 apud
214 925 388 1002 posteriores
411 924 531 982 omnino
557 941 610 1000 pro
636 926 805 994 reuerentia,
833 926 951 994 honore,
979 932 1012 983 ut
1038 923 1112 984 Vell.
1140 941 1169 994 2,
1197 943 1244 1000 41,
1271 943 1302 1002 3:
1329 934 1362 984 ut

110 1028 220 1103 pariter
241 1027 275 1086 iis
297 1023 415 1103 (piratis)
436 1026 538 1084 terrori
560 1025 797 1103 venerationique
819 1034 908 1096 esset:
931 1043 955 1096 2,
979 1043 1024 1102 92,
1047 1043 1078 1101 4:
1101 1029 1267 1103 praesentia
1289 1028 1362 1092 invi·

114 1129 170 1196 dia,
193 1129 349 1204 praeterita
372 1128 558 1186 veneratione
580 1129 782 1205 prosequimur
799 1125 882 1204 (Plin.
906 1129 1004 1200 ambo,
1026 1129 1111 1199 Tac,
1134 1126 1232 1205 Curt.).

125 1289 127 1296 ,
203 1229 326 1289 Victoria
348 1248 387 1288 ex
413 1232 476 1305 olqo
499 1229 590 1288 rarius
613 1228 716 1288 dicitur
738 1247 791 1306 pro
808 1231 928 1288 uictoria
951 1233 983 1288 de
1004 1233 1110 1306 alqoz,
1131 1246 1173 1301 10,
1196 1247 1226 1290 2:
1244 1231 1356 1290 Domiti

108 1350 146 1390 ex
169 1333 304 1392 Arvernis
327 1339 357 1392 21
377 1331 451 1390 Fabi
473 1349 509 1389 ex
527 1331 735 1406 Allobrogibus
757 1333 877 1391 victoria
900 1330 953 1390 fuit
974 1332 1089 1392 nobilis.
1108 1365 1147 1374 -
1174 1333 1266 1392 Victor
1287 1333 1356 1392 belli

108 1449 134 1508 2,
156 1448 199 1508 55,
222 1448 251 1502 2;
274 1433 467 1492 certaminum
490 1449 514 1503 2,
537 1433 564 1503 8,
587 1450 613 1491 2.
650 1432 695 1492 Cf.
718 1432 907 1510 Krebs·Allg.
930 1433 1084 1493 Antibarb.
1107 1433 1155 1493 ed.
1173 1435 1210 1493 V.
1233 1455 1260 1512 p.
1281 1450 1360 1494 1201.

203 1534 291 1610 Vigor
310 1552 330 1604 1,
351 1551 394 1604 10,
414 1552 444 1610 3:
463 1537 545 1612 vigor
562 1535 760 1612 eloquentiae;
778 1551 803 1606 2,
824 1535 864 1606 18,
882 1551 912 1612 5:
931 1538 1013 1612 vigor
1031 1536 1130 1612 ingeni
1149 1545 1237 1614 atque
1254 1538 1359 1604 animi;

108 1651 138 1706 2,
161 1653 213 1712 50,
236 1653 269 1710 4:
290 1638 373 1712 vigor
395 1655 431 1696 ac
453 1636 563 1712 fulgor;
586 1653 616 1708 2,
639 1636 690 1714 98,
713 1653 744 1713 3:
776 1639 858 1713 vigor
879 1638 1053 1709 ac·lenitas;
1081 1654 1111 1709 2,
1136 1652 1191 1713 127,
1215 1655 1246 1713 3:
1278 1637 1360 1714 vigor

107 1742 205 1804 animi¹
221 1736 321 1817 (Poet,
344 1739 415 1810 Liv,
438 1749 546 1816 postea
568 1739 690 1800 Pluralis
713 1738 808 1799 forma
826 1748 921 1799 exstat
943 1739 1021 1817 apud
1044 1737 1224 1816 Vitruvium).
1317 1723 1319 1728 ’

202 1843 332 1910 Violatio,
360 1849 437 1918 quae
463 1859 519 1900 vox
541 1859 560 1900 a
582 1840 664 1901 Livio
691 1841 784 1918 primo
810 1849 966 1917 usurpatur
984 1839 1043 1917 (29,
1065 1842 1097 1911 8,
1123 1859 1163 1911 11;
1191 1858 1237 1917 51,
1263 1858 1306 1913 12,
1329 1837 1357 1920 5)

106 1952 209 2003 exstat
231 1944 310 2021 apud
334 1944 478 2022 Vellejum
500 1959 529 2013 2,
554 1959 581 2012 1,
604 1959 634 2019 5:
661 1943 791 2002 dicentes
817 1943 965 2020 publicam
991 1944 1178 2010 violationem
1204 1943 1270 2003 fidei
1298 1962 1360 2005 non

106 2045 216 2104 debere
237 2045 323 2106 unius
346 2045 386 2105 lui
404 2047 547 2120 sanguine
563 2043 639 2119 (Sen.
658 2053 705 2121 ep.
724 2061 788 2118 104,
806 2043 859 2121 28).
897 2045 1021 2104 Va'olator
1039 2046 1178 2122 reperitur
1195 2062 1219 2114 2,
1241 2062 1306 2117 100,
1325 2063 1359 2120 4:

73 2129 230 2208 Ι’11912191
252 2149 314 2226 ejus
336 2148 440 2207 domus
464 2145 538 2216 (Ov,
560 2147 738 2231 Liv.,·Tac.,
765 2147 845 2224 Hyg.
869 2147 928 2207 fab.
948 2162 1017 2218 1003
1041 2147 1130 2223 Vulg.
1148 2148 1257 2226 Judith.
1275 2164 1304 2225 9,
1326 2165 1341 2208 2
1348 2166 1357 2220 ;

105 2249 209 2308 Ambr.
233 2249 284 2308 off.
308 2266 329 2320 1,
352 2247 491 2325 50,.257).
604 2301 606 2306 .

199 2351 280 2410 Visus
307 2351 451 2430 objectiva
474 2368 560 2411 sensu
592 2351 697 2410 dicitur
719 2351 839 2410 omnino
866 2368 920 2426 pro
946 2355 1033 2427 specie
1055 2353 1204 2418 1.,2.1ο1ο
1226 2354 1358 2430 corporis

107 2453 210 2512 habitu
228 2470 253 2524 2,
272 2470 320 2529 94,
339 2470 369 2528 3:
392 2455 514 2530 visuque
531 2453 709 2531 praetulerat
726 2453 886 2528 principem
904 2449 975 2530 (Cic.
992 2453 1029 2512 de
1047 2461 1108 2512 nat.
1127 2453 1207 2514 deor.
1227 2471 1249 2525 1,
1267 2469 1293 2531 5,
1313 2470 1358 2526 123

107 2555 169 2612 Liv.
193 2555 220 2626 8,
243 2571 270 2630 9,
295 2572 341 2624 10;
365 2556 440 2615 Tac.
459 2559 530 2630 Agr.
552 2551 610 2632 45).

199 2656 295 2714 Votum
331 2675 383 2734 pro
418 2658 572 2725 uoluntate,
608 2662 699 2731 optato
734 2656 851 2732 ponitur
884 2657 946 2734 jam
982 2675 1001 2716 a
1036 2655 1177 2716 Cicerone
1206 2653 1302 2729 (Verr.
1329 2675 1355 2735 5,

101 2774 151 2833 54,
173 2757 244 2831 142);
268 2757 501 2835 frequentissima
519 2758 592 2817 haec
610 2758 689 2818 vocis
707 2758 879 2833 significatio
902 2766 946 2818 est
963 2758 1043 2835 apud
1065 2767 1168 2836 poetas
1185 2760 1356 2835 Augusteae

106 2861 212 2919 aetatis
236 2855 326 2937 (apud
348 2860 461 2919 Livium
483 2861 629 2920 invenitur
651 2875 695 2936 35,
719 2876 764 2936 42,
787 2854 813 2936 5)
835 2868 865 2920 et
887 2861 1001 2920 solutae
1022 2862 1163 2920 orationis
1186 2862 1265 2938 apud
1287 2863 1357 2922 scri·

105 2972 204 3039 ptores
222 2964 398 3039 posteriores
415 2963 563 3033 Taciturn,
583 2962 724 3044 Curtium,
747 2961 872 3022 Plinium
889 2963 1042 3032 minorem,
1061 2963 1240 3022 Suetonium.
1267 2963 1355 3040 Apud

107 3065 253 3144 Vellejum
275 3066 418 3125 invenitur
441 3081 466 3134 2,
488 3081 531 3135 22,
554 3080 585 3138 4;
609 3081 634 3135 2,
657 3080 707 3138 40,
730 3081 759 3134 23
783 3081 807 3135 2,
831 3064 878 3140 89,
901 3069 931 3133 23
954 3081 979 3135 2,
1004 3080 1059 3140 125,
1085 3082 1106 3123 1.
1122 3095 1164 3106 —-
1286 3145 1288 3151 .

189 3165 258 3225 Non
278 3167 375 3225 nullae
393 3167 462 3226 mihi
480 3168 559 3226 visae
577 3175 644 3226 sunt
662 3167 779 3243 dignae,
799 3185 875 3244 quae
893 3167 1063 3236 afferantur,
1086 3165 1198 3225 formae
1219 3166 1357 3226 substan·

104 3269 239 3337 rivorum,
262 3287 339 3344 quae
361 3276 452 3327 21112
474 3269 684 3328 consuetudine
706 3270 883 3345 optimorum
906 3269 1079 3345 scriptorum
1102 3268 1279 3328 abhorreant
1302 3279 1354 3329 aut

107 3368 188 3444 apud
209 3368 274 3427 illos
296 3371 441 3430 rarissime
462 3372 655 3430 inveniantur.

192 3471 376 3530 Accusationis
398 3474 472 3548 sing.
494 3491 575 3531 num.
592 3475 708 3549 primae
729 3475 925 3532 declarationis
946 3472 976 3531 in
995 3473 1160 3532 nominibus
1178 3476 1301 3552 propriis
1322 3477 1352 3534 in

101 3596 118 3632 a
140 3582 169 3633 et
191 3595 220 3632 es
241 3574 407 3632 exeuntium
430 3576 525 3635 finitur
547 3576 626 3652 apud
650 3575 794 3654 Vellejum
821 3576 850 3635 19
877 3597 923 3646 en,
947 3575 1037 3634 velut:
1064 3573 1176 3652 Cymen
1205 3594 1230 3646 1,
1258 3595 1290 3652 4,
1317 3592 1350 3649 4;

103 3675 294 3736 Mithridaten
316 3691 341 3745 2,
365 3692 409 3750 24,
435 3694 445 3734 1
469 3675 677 3752 (Mithridatem
695 3693 720 3747 2,
743 3693 786 3752 23,
810 3676 846 3754 6),
869 3677 1029 3754 Mytilenen
1043 3694 1071 3747 Ι1,
1094 3694 1122 3750 4,
1145 3694 1177 3751 4;
1201 3678 1353 3754 Tigranen

102 3792 129 3846 2,
153 3794 197 3852 33,
222 3793 248 3846 1;
271 3777 380 3865 Persen
405 3795 427 3848 1,
451 3796 488 3849 11,
514 3797 524 3838 1
548 3775 676 3854 (Persam
702 3796 723 3849 1,
747 3795 774 3854 9,
798 3774 841 3856 4);
865 3778 1046 3838 Artavesden
1068 3795 1093 3850 2,
1116 3778 1160 3849 82,
1185 3797 1213 3856 3.

188 3878 313 3940 Formae
339 3882 497 3938 accusator·
515 3880 669 3954 singularis
691 3881 789 3937 tertiae
811 3881 1017 3938 declinationis:
1040 3881 1185 3940 Alcmana
1210 3901 1231 3952 1,
1256 3880 1296 3951 18,
1319 3898 1351 3957 3:
1406 3903 1411 3912 ·

100 3978 244 4040 Chalcida
269 3999 293 4050 1,
317 3998 348 4056 4,
374 3997 399 4050 1;
428 3979 601 4059 Colophona
626 3999 651 4052 1,
674 3998 707 4056 4,
731 3997 761 4056 33
789 3981 867 4040 Dido
892 3999 917 4052 1,
946 3979 978 4052 ὁ,
1005 3999 1024 4055 4
1046 3981 1104 4056 (Sil.
1127 3985 1192 4044 1121.
1215 3983 1247 4054 8,
1275 3981 1349 4060 231);

98 4081 255 4157 Myuntem
279 4099 301 4152 1,
323 4099 351 4156 4,
373 4099 400 4158 5.
544 4082 547 4087 ’

187 4182 312 4244 Formae
339 4186 470 4245 ablativi:
498 4186 583 4246 classi
605 4202 634 4259 2,
657 4199 706 4260 79,
730 4201 759 4244 2:
786 4185 880 4244 classe
902 4201 930 4256 2,
955 4201 1004 4263 79,
1029 4204 1055 4256 13
1082 4187 1118 4248 cl.
1141 4188 1282 4247 Kritzium
1310 4189 1350 4248 ad

97 4285 180 4344 locos
203 4295 232 4345 et
253 4286 350 4358 Neue,
373 4287 580 4349 Formenlehre
603 4288 631 4346 d.
654 4288 768 4348 Latein.
790 4287 931 4363 Sprache,
954 4305 979 4348 2.
1003 4289 1078 4348 Aufl.
1101 4290 1124 4348 1.
1147 4307 1174 4364 p.
1197 4305 1260 4364 213;
1287 4290 1349 4364 igni

98 4401 126 4455 2,
150 4401 193 4462 74,
218 4405 250 4464 4;
274 4391 341 4465 igne
363 4405 389 4460 2,
415 4391 470 4466 125,
493 4405 526 4463 4;
550 4390 585 4449 21.
607 4389 691 4447 Neue
713 4389 737 4447 1.
761 4406 788 4463 p.
811 4404 876 4447 220.

187 4488 684 4552 6221111111·101192219291291121221
705 4491 800 4567 plebei
818 4507 842 4560 2,
864 4509 916 4562 111,
934 4507 951 4566 5
970 4488 1073 4569 (forma
1097 4493 1233 4552 vetustior
1256 4510 1274 4552 a
1296 4507 1351 4552 no-
