3268 5016
581 311 972 387 ,1624-

249 521 289 530 -
303 487 648 566 *posteritas=posteri
669 505 696 558 2,
719 489 766 560 60,
789 506 806 567 5
827 487 898 565 (Cic.
921 490 958 550 de
980 491 1065 550 amic.
1083 509 1110 565 4,
1136 507 1179 568 153
1195 483 1242 551 'a'd
1264 492 1324 552 Att.
1349 490 1500 567 12,19,1).

248 623 291 634 -
317 593 471 668 progenies
494 617 536 643 =
559 593 696 668 prognati
720 609 746 663 1,
770 605 800 663 2,
825 611 836 650 1
863 589 933 668 (Cic.
956 593 1047 652 Tusc.
1072 611 1096 663 1,
1120 608 1170 669 35,
1193 592 1242 669 853
1269 593 1347 652 Tim.
1373 611 1399 650 11
1424 595 1499 664 init.;

249 711 302 770 pro
325 692 427 754 Caelio
450 711 497 768 14,
520 711 570 770 343
593 694 655 753 Liv.
680 711 706 764 1,
731 692 778 765 16,
801 691 836 770 3).
860 725 900 736 -
919 693 1027 753 reditus
1049 695 1122 770 plur.
1146 711 1175 763 2,
1199 711 1249 770 39,
1273 711 1301 766 2;
1325 711 1354 766 2,
1380 705 1445 770 107,
1469 711 1513 770 3;.

248 812 277 866 2,
303 813 365 870 114,
388 812 405 872 5
425 793 496 873 (Liv.
519 793 618 873 saep).
641 828 682 839 -
713 790 885 884 Jsaeculum
912 815 965 872 pro
992 797 1171 868 hominibus,
1198 799 1248 875 qui
1279 797 1376 884 aliqua
1404 803 1501 856 aetate

248 898 350 958 vivunt
371 915 396 970 2,
421 915 506 980 11,v1.

335 1000 523 1060 Substantiva
545 1000 732 1077 deminutiva,
754 1018 831 1077 quae
853 1007 1004 1071 vocantur,
1027 1001 1106 1077 apud
1124 1002 1270 1080 Vellejum
1292 1009 1420 1061 exstant:
1443 1002 1503 1061 cul·

247 1099 333 1162 tellus
354 1119 379 1172 2,
405 1120 446 1177 14,
471 1119 483 1162 1
505 1099 619 1176 (Varro,
639 1101 715 1173 Col,
738 1101 812 1162 Plin.
830 1104 909 1179 maj,
931 1099 1029 1179 Suet).
1048 1103 1219 1162 -libellus
1241 1100 1345 1178 (Billet)
1371 1119 1395 1172 2,
1419 1116 1461 1178 57,
1485 1117 1499 1158 2

246 1199 335 1278 (Cic.).
360 1235 399 1246 —
426 1203 558 1263 mamilla
578 1221 604 1275 2,
628 1217 675 1278 70,
698 1219 715 1279 5
740 1201 787 1280 (ci.
815 1224 843 1281 p.
869 1202 919 1282 19).
947 1237 987 1248 -
1015 1206 1148 1265 navicula
1174 1223 1199 1272 2,
1224 1220 1285 1281 107,
1308 1221 1324 1264 2
1347 1200 1437 1282 (Cic.).
1461 1235 1500 1247 -

246 1305 391 1381 particula
414 1323 436 1374 1,
461 1304 502 1376 16,
535 1323 545 1364 1
570 1304 658 1383 (Cic.).
724 1328 728 1332 ·

333 1409 380 1469 De
402 1409 466 1486 ipsa
489 1408 746 1479 ,substantivorum
768 1410 973 1470 collocatione‘
994 1427 1103 1470 moneo
1126 1409 1205 1484 apud
1223 1407 1369 1486 Vellejum
1391 1424 1502 1482 cogno·

250 1529 319 1570 men
338 1518 408 1570 aute
425 1529 534 1570 nomen
552 1512 725 1587 saepissime
742 1513 821 1588 poni,
837 1511 923 1569 *velut
941 1511 1064 1592 Rufinus
1082 1510 1236 1571 Cornelius
1254 1526 1279 1580 2,
1300 1525 1341 1583 14,
1362 1507 1393 1577 63
1416 1507 1502 1568 Man·

247 1614 330 1672 cinus
357 1611 500 1696 Hostilius
525 1629 550 1682 2,
575 1630 598 1683 1,
617 1628 649 1687 4;
672 1613 812 1672 Acidinus
836 1611 965 1671 Manlius
983 1629 1008 1683 2,
1027 1612 1054 1682 8,
1073 1627 1102 1684 23
1125 1611 1162 1671 cf.
1181 1629 1254 1689 quos
1276 1611 1358 1671 locos
1375 1611 1500 1670 Kritzius

247 1713 287 1772 ad
309 1714 384 1772 Vell.
403 1731 427 1783 2,
447 1714 493 1790 26,
511 1729 527 1772 2
545 1715 766 1791 diligentissime
784 1714 914 1774 contulit.
949 1713 1018 1774 Non
1036 1731 1198 1791 numquam
1216 1712 1295 1789 apud
1318 1712 1499 1782 Ciceronem,

248 1816 395 1874 rarissime
418 1817 498 1893 apud
520 1815 677 1878 Caesarem
700 1825 729 1876 et
747 1817 914 1896 Sallustium
937 1835 1029 1894 quum
1051 1817 1125 1876 haec
1142 1815 1325 1892 cognominis
1348 1815 1500 1874 collocatio

247 1919 422 1988 inveniatur,
444 1920 505 1995 jam
526 1911 635 1978 i'nde'a
658 1920 772 1998 Vellejo
794 1921 823 1978 in
848 1939 903 1978 usu
925 1937 989 1980 esse
1012 1921 1116 1995 coepit.
1161 1918 1206 1978 Cf.
1227 1919 1375 1994 Draeger,
1402 1917 1501 1977 Ueber

62 2054 64 2062 κ
165 2064 197 2080 „
247 2017 298 2076 Stil
323 2037 351 2077 u.
373 2020 484 2096 Syntax
507 2020 559 2080 des
581 2021 703 2082 Tacitus
725 2041 754 2099 p.
777 2036 819 2098 75.
843 2020 862 2098 ξ
884 2039 943 2082 221.
1049 2059 1052 2065 ,

797 2273 948 2281 Ἣ

706 2407 771 2516 De
805 2441 1039 2536 Adjeetivis.

335 2631 495 2710 Adjectiva,
519 2651 604 2710 quaer
619 2633 699 2710 apud
721 2633 867 2710 Vellejuru
884 2633 1011 2708 primum
1034 2619 1168 2692 videntur
1186 2641 1310 2704 exstare,
1330 2643 1398 2692 sunt
1416 2635 1503 2694 haec:

338 2732 523 2792 Caeruleatus
549 2727 653 2810 (ἅπαξ
679 2728 860 2816 εἰρημένον)
885 2729 939 2811 'pro
966 2752 1002 2793 eo
1028 2735 1158 2810 ponitur,
1191 2734 1271 2812 quod
1297 2743 1341 2794 est
1366 2736 1503 2795 caeruleo

249 2835 347 2894 colore
369 2834 512 2894 obductus
535 2851 564 2906 2,
587 2835 638 2911 83,
661 2852 690 2894 2:
717 2833 842 2894 Plancus
865 2854 932 2893 cum
958 2837 1143 2895 caeruleatus
1173 2843 1202 2895 et
1223 2836 1332 2907 nudus,
1355 2847 1502 2915 caputque

250 2936 402 2995 redimitus
425 2937 569 2996 arundine
586 2945 616 2996 et
637 2937 764 2997 caudam
787 2937 918 3006 trahens,
941 2938 1065 3012 genibus
1090 2939 1204 2997 innixus
1228 2933 1376 2998 Glaucum
1399 2939 1504 2999 saltas·

254 3046 298 3098 set
319 3039 349 3096 in
371 3039 503 3098 convivio
524 3035 551 3113 (i.
570 3058 596 3098 e.
615 3039 712 3099 colore
734 3039 869 3099 caeruleo
891 3038 1043 3110 obductus,
1066 3040 1145 3116 quali
1167 3041 1348 3116 putabantur
1369 3059 1434 3101 esse
1455 3042 1503 3101 dei

250 3141 373 3215 marini).

336 3245 521 3303 Favorabr'lz's
542 3245 658 3319 passiva
680 3243 891 3318 significatione
914 3244 1018 3303 dicitur
1039 3262 1104 3320 pro:
1133 3247 1183 3302 cui
1193 3245 1331 3322 fovetur,
1351 3248 1503 3320 gratamur

250 3361 275 3416 2,
296 3362 343 3423 34,
363 3363 392 3405 2:
415 3345 529 3405 Luculli
547 3353 576 3403 et
593 3345 705 3404 Metelli
727 3345 904 3422 triumphum
927 3346 1033 3405 invidia
1051 3347 1183 3423 Pompeji
1205 3344 1273 3404 fecit
1296 3345 1501 3413 favorabilem

250 3465 275 3518 z,
299 3463 351 3521 40,
374 3463 403 3506 2:
428 3449 509 3525 cujus
532 3443 683 3524 (Pompeii)
707 3440 832 3506 reditum
853 3447 1044 3533 favorabilem
1066 3446 1164 3523 opinio
1183 3447 1292 3507 fecerat
1313 3444 1389 3523 (Val.
1408 3449 1500 3517 Max,

253 3549 320 3610 Sen.
342 3550 426 3626 phil,
449 3549 563 3622 Quint,
586 3549 675 3618 Tac,
698 3549 770 3608 Plin.
793 3567 855 3626 ep.,
878 3548 971 3620 Suet,
994 3548 1090 3625 Flor.).

181 3661 185 3668 '
336 3653 467 3728 Fulgenr
494 3650 792 3728 Part-Adiectum,
820 3651 902 3728 cujus
929 3650 1097 3727 superlativi
1123 3651 1220 3710 forma
1246 3658 1362 3711 tantum
1388 3650 1500 3710 videtur

250 3761 373 3824 exstare,
397 3753 476 3830 apud
488 3753 637 3830 -Vellejum
658 3754 803 3811 invenitur
816 3733 849 3824 2,
869 3769 917 3829 39,
938 3770 964 3811 1:
987 3752 1231 3828 fulgentissimum
1254 3752 1389 3812 Caesaris
1411 3771 1499 3831 opus;

249 3872 279 3927 2,
304 3854 356 3930 64,
379 3871 410 3931 3:
434 3855 647 3932 fulgentissimo
669 3863 699 3915 et
721 3855 840 3914 caelesti
861 3871 925 3925 ore;
948 3843 986 3926 2,’
1002 3869 1047 3930 71,
1072 3871 1098 3913 1:
1120 3854 1250 3915 Messala
1272 3853 1501 3936 fulgentissimus

249 3958 361 4035 juvenis
391 3954 467 4032 (Val.
494 3956 575 4015 Max.
606 3975 631 4028 1,
656 3973 683 4026 1,
712 3972 761 4015 10:
791 3956 954 4033 plaustrum
986 3955 1056 4014 illud
1087 3956 1292 4032 fulgentissimi
1317 3957 1501 4034 triumphalis

251 4078 353 4124 currus
375 4059 500 4134 gloriam
523 4061 675 4136 aequavit;
697 4074 724 4133 3,
746 4073 820 4133 5,1;
844 4057 904 4117 duo
925 4057 1139 4133 fulgentissima
1161 4057 1341 4134 cognomina
1363 4059 1453 4134 patris
1471 4067 1503 4116 et

249 4159 363 4238 patrui).
586 4233 587 4238 η

333 4262 520 4322 Inimr'tabr'lis
542 4279 608 4338 pro:
631 4281 710 4338 quem
734 4263 847 4320 imitari
866 4280 922 4319 non
939 4271 1092 4337 possumus
1114 4277 1139 4332 2,
1162 4275 1209 4338 07,
1232 4279 1263 4338 3:
1286 4279 1402 4320 morum
1420 4269 1502 4320 certe

251 4365 376 4425 dulcedo
396 4384 436 4424 ac
457 4366 584 4425 suavitas
607 4374 637 4424 et
659 4365 797 4424 adversus
820 4347 931 4424 amicos
954 4382 1052 4441 aequa
1074 4383 1109 4423 ac
1132 4382 1185 4440 par
1207 4365 1251 4423 sui
1269 4364 1433 4423 aestimatio
1455 4365 1503 4421 in·

252 4467 399 4527 imitabilis
418 4466 506 4526 fuisse
524 4467 629 4526 dicitur
646 4463 768 4544 (Quint;
787 4467 888 4524 Ambr.
907 4466 944 4525 de
962 4466 1053 4525 viduis
1071 4465 1097 4537 8,
1112 4483 1161 4542 45.
1185 4464 1270 4526 Adde
1282 4465 1365 4525 lexic.
1381 4461 1501 4542 Latin).
