3268 5016
683 271 889 331 „45-

162 433 268 519 Velleji
285 435 499 516 interpretibus,
523 450 553 500 ut
576 460 593 502 a
611 442 698 521 Janio
720 451 749 503 et
766 445 903 515 Kreusio,
925 463 978 522 pro
996 443 1124 521 genitivo
1142 444 1313 505 substantivi
1332 454 1418 506 actus

164 543 299 602 habiturn
321 551 351 602 et
373 561 439 626 cum
464 544 585 614 ,incesti‘
607 547 797 624 conjunctum
819 565 883 606 esse
904 547 990 606 valde
1011 547 1109 605 miror.

245 646 423 721 Aggregare
450 655 591 724 sequente
618 647 724 724 duplici
751 649 919 707 accusativo
947 665 975 718 2,
1003 663 1051 724 53,
1080 664 1109 706 1:
1141 665 1215 724 quos
1245 651 1365 710 comites
1387 652 1416 709 ei

162 748 281 807 fortuna
303 756 528 822 aggregaverat.

249 850 374 925 Alloqur',
394 866 450 908 vox
473 867 540 908 raro
563 869 581 909 a
603 852 750 911 veteribus
772 851 960 928 scriptoribus
982 861 1123 929 usurpata
1146 849 1194 929 (cl.
1217 851 1277 911 Cic.
1299 851 1416 911 Cluent.

160 950 202 1021 61,
228 965 294 1026 1703
318 952 375 1009 hoc
393 968 453 1009 uno
471 950 538 1010 loco
556 953 585 1010 in
608 953 789 1012 orationibus
808 953 921 1030 exstat),
939 974 957 1014 a
975 955 1162 1031 scriptoribus
1181 973 1290 1013 aureae
1308 956 1414 1014 aetatis

160 1055 344 1130 frequentata
375 1061 427 1111 est
473 1053 549 1113 Vell.
577 1069 602 1126 2,
630 1051 675 1126 62,
703 1070 733 1131 5:
765 1056 874 1132 alloqui
898 1056 1003 1115 milites
1031 1052 1106 1131 (Sen.
1128 1054 1211 1132 phil,
1239 1056 1311 1114 Plin.
1334 1057 1414 1133 maj,

161 1156 271 1229 Quint,
294 1155 377 1226 Tac,
396 1154 493 1231 Suet).
668 1224 671 1230 ¹

248 1259 356 1316 Arlere
382 1256 486 1317 latiore
508 1257 720 1334 significatione
747 1258 850 1318 dicitur
877 1277 931 1336 pro
958 1262 1146 1335 restringere,
1169 1262 1324 1334 angustius
1345 1261 1419 1335 alqd

153 1360 262 1438 fucere
279 1352 465 1436 quacumque
481 1361 594 1419 ratione
612 1361 785 1437 plerumque
803 1362 833 1420 in
850 1361 952 1437 partic.
971 1359 1043 1438 peri.
1062 1378 1139 1436 pass.
1157 1369 1268 1420 artatus
1280 1378 1301 1431 1,
1323 1360 1364 1424 ro.
1383 1377 1414 1418 2:

163 1467 291 1520 artatum
313 1461 454 1536 spatium;
478 1478 499 1532 1,
525 1461 566 1531 16,
589 1475 619 1537 5:
642 1462 718 1521 adeo
741 1469 869 1522 artatum
892 1464 1034 1538 angustiis
1056 1472 1235 1540 temporum,
1263 1472 1295 1522 ut
1322 1481 1411 1521 nemo

163 1562 268 1639 dignus
291 1571 358 1633 etc.;
382 1579 406 1630 2,
432 1578 475 1633 10,
499 1580 527 1622 2:
554 1566 595 1624 ita
617 1571 713 1624 artata
734 1582 857 1628 numero
879 1563 1013 1634 felicitas;
1041 1578 1065 1633 2,
1090 1563 1137 1634 86,
1163 1581 1189 1623 1:
1217 1567 1280 1641 quis
1303 1566 1332 1624 in
1356 1565 1415 1624 hoc

161 1675 328 1725 transcursu
350 1673 413 1724 tarn
431 1666 519 1723 artati
541 1667 636 1743 operis
655 1667 817 1742 exprimere
835 1664 961 1726 audeat?
998 1665 1042 1726 Cf.
1051 1667 1113 1724 Liv.
1125 1682 1170 1742 45,
1189 1665 1234 1743 36,
1254 1684 1285 1742 3:
1308 1675 1414 1727 contra

161 1769 190 1826 in
212 1768 358 1844 praemiis,
381 1768 411 1826 in
433 1767 591 1828 honoribus
614 1769 714 1827 omnia
735 1776 840 1827 artata.
1210 1752 1213 1758 ¹

245 1870 379 1946 Attollere
397 1869 581 1940 vocabulum,
600 1888 659 1947 quo
678 1871 794 1946 saepius
813 1879 919 1946 poetae
938 1879 967 1928 et
985 1870 1083 1929 Livius
1101 1869 1146 1928 usi
1164 1879 1239 1941 sunt,
1260 1890 1278 1929 a
1296 1871 1414 1949 Vellejo

159 1971 303 2031 translata
325 1973 536 2047 significatione
558 1982 714 2051 usurpatur
736 1991 789 2049 pro
811 1991 857 2047 eu,
879 1972 959 2050 quod
976 1972 1054 2049 apud
1074 1972 1247 2032 Ciceronem
1268 1971 1350 2048 (Phil.
1372 1990 1409 2043 11,

162 2090 203 2147 14,
227 2068 276 2151 36)
297 2082 342 2132 est
363 2093 469 2135 ornare
491 2092 516 2152 2,
543 2074 588 2151 65,
617 2092 642 2134 1:
674 2083 786 2152 quanto
808 2074 957 2134 Ciceronis
986 2075 1081 2134 studio
1103 2074 1210 2134 Brutus
1233 2075 1413 2152 Cassiusque

161 2176 362 2260 attollerentur
384 2175 503 2256 (Quint,
522 2176 604 2243 Tac..
627 2177 669 2237 Pl.
693 2177 758 2255 ep).
844 2224 845 2227 ,
1211 2165 1213 2170 ’

243 2279 357 2338 Audere
382 2280 452 2356 alqd
478 2296 503 2350 2,
531 2296 576 2353 24,
600 2296 627 2351 1;
654 2295 679 2350 2,
702 2294 748 2356 47,
777 2296 803 2349 1;
835 2295 860 2350 2,
883 2278 929 2356 56,
953 2295 987 2354 4;
1015 2296 1039 2350 2,
1064 2278 1107 2350 61,
1136 2296 1147 2338 r
1174 2277 1305 2355 (Poetae,
1332 2280 1413 2348 Sall,

158 2380 229 2451 Liv,
247 2378 340 2458 Tae).
372 2381 475 2441 Cicero
497 2382 553 2440 hoc
570 2383 746 2441 vocabulum
769 2384 920 2460 conjungit
937 2400 1005 2441 cum
1027 2381 1329 2441 infinitivo-ausus
1343 2399 1412 2457 pas·

158 2483 221 2540 siva
240 2484 267 2540 vi
290 2484 431 2560 accipitur
448 2484 527 2559 apud
545 2484 671 2559 primum
689 2482 835 2563 Vellejum
853 2501 878 2554 2,
901 2483 950 2555 80,
973 2501 1004 2560 3;
1027 2502 1086 2543 666
1105 2503 1123 2542 a
1141 2483 1325 2560 Scipionibus
1332 2485 1414 2560 quic-

158 2601 251 2660 quarn
269 2603 374 2642 ausum
393 2592 599 2662 patratumque
619 2583 719 2645 lortius
738 2604 828 2663 quam
846 2594 916 2644 tunc
934 2605 952 2645 a
971 2586 1112 2655 Caesare;
1131 2602 1156 2657 2,
1166 2585 1212 2662 56,
1223 2603 1255 2660 4:
1274 2586 1412 2644 omnibus

159 2685 303 2745 audendis
325 2687 535 2762 paratissimus.
581 2687 625 2746 Cf.
653 2687 727 2747 Tac.
754 2706 823 2747 ann.
850 2703 880 2763 3,
904 2687 954 2764 67:
982 2689 1060 2748 ausis
1087 2689 1125 2748 ad
1148 2687 1307 2748 Caesarem
1330 2688 1412 2746 codi-

159 2787 239 2848 cillis.
269 2790 357 2865 Apud
366 2790 427 2848 Liv.
438 2805 483 2865 39,
495 2789 520 2860 8,
532 2789 559 2859 8,
570 2809 659 2867 quem
672 2791 770 2850 locum
780 2791 912 2851 Klotzius
921 2792 1014 2860 affert,
1029 2810 1107 2850 nunc
1116 2791 1221 2866 legitur
1235 2790 1414 2861 audebant.

162 2891 218 2950 Pro
236 2893 417 2952 substantivo
435 2894 578 2970 participii
596 2900 733 2952 neutrum
750 2911 855 2952 ausum
875 2893 1009 2970 frequens
1027 2903 1079 2964 est,
1098 2893 1135 2952 cf.
1145 2894 1230 2953 Neue
1247 2894 1286 2951 11.
1305 2911 1332 2968 p.
1346 2908 1412 2966 333.

245 3003 396 3054 auctorare
413 3013 480 3072 pro:
507 2998 629 3054 mercede
651 2997 720 3071 alqd
731 2996 905 3074 sacrandum
928 2999 1068 3071 suscipere
1086 3000 1131 3055 vel
1145 3006 1259 3072 parere
1271 3011 1296 3064 2,
1316 3009 1364 3068 3ο,
1385 3010 1411 3050 1:

165 3094 206 3154 M.
227 3095 381 3173 Perpenna
404 3098 457 3157 sibi
480 3098 677 3174 turpissimam
699 3105 824 3156 mortem
842 3099 971 3174 pessimo
993 3097 1155 3156 auctoravit
1173 3096 1312 3154 facinore.
1343 3096 1413 3153 Hoc

162 3198 336 3257 vocabulum
363 3200 418 3258 nisi
443 3201 474 3260 in
501 3199 622 3276 perlecti
648 3200 753 3274 passivi
784 3198 880 3258 forma
906 3217 967 3257 non
999 3197 1160 3258 admodum
1192 3198 1328 3274 frequens
1358 3205 1412 3254 est.

160 3291 257 3358 Semel
284 3310 380 3361 exstat
406 3293 472 3360 Liv,
496 3315 540 3376 37,
570 3316 613 3372 ro,
641 3298 672 3370 8;
704 3300 810 3361 deinde
838 3300 917 3377 apud
939 3299 1023 3370 Hor,
1047 3299 1114 3358 Sen.
1135 3300 1212 3376 phil,
1236 3299 1307 3358 Plin.
1330 3300 1413 3376 maj,

161 3401 271 3474 Quint..
511 3465 515 3474 ,
1380 3479 1386 3488 .
1447 3393 1450 3400 ¹

250 3503 351 3564 Cedere
373 3523 427 3582 pro
448 3523 485 3564 eo
503 3505 615 3575 dicitur,
638 3504 718 3581 quod
740 3513 784 3563 est
807 3504 886 3580 apud
904 3503 1077 3563 Ciceronem
1093 3505 1246 3581 procedere
1272 3521 1297 3574 2,
1323 3520 1414 3577 14,1:

160 3606 238 3664 bene
260 3613 365 3683 coepta
388 3607 466 3666 male
489 3605 646 3676 cedebant;
666 3623 690 3676 2,
714 3604 755 3677 18,
778 3621 809 3682 5:
832 3624 900 3664 cum
922 3607 998 3665 bene
1020 3607 1154 3666 consulta
1176 3607 1203 3665 ei
1225 3607 1303 3666 male
1325 3606 1413 3664 cede·
1484 3619 1492 3642 ·

162 3716 226 3766 rent
248 3706 347 3784 (Poet,
371 3708 459 3769 Corn.
482 3707 568 3785 Nep,
590 3707 677 3782 Sall).
1187 3787 1190 3793 ¹
1214 3689 1216 3698 ’

251 3808 422 3882 Coalescere,
451 3810 537 3886 quod·
558 3809 594 3868 de
621 3810 760 3869 membris
787 3817 838 3869 aut
860 3809 1026 3868 vulneribus
1048 3809 1222 3869 coeuntibus
1248 3816 1429 3885 usurpatur,-

164 3913 359 3990 metonymice
382 3920 476 3973 exstat
498 3928 523 3982 2,
547 3926 596 3987 90,
622 3929 649 3971 r:
672 3912 904 3972 coalescentibus
926 3912 967 3970 rei
988 3910 1123 3988 publicae
1140 3911 1292 3988 membris;
1319 3918 1414 3968 trans-

162 4013 221 4074 late
232 4016 337 4075 dicitur
346 4033 371 4092 2,
381 4014 427 4090 48,
439 4029 472 4090 5:
483 4013 674 4073 coalescentis
683 4013 871 4073 condiciones
881 4015 962 4089 pacis
972 4013 1105 4072 discussit
1113 4012 1193 4088 (Liv,
1204 4008 1415 4085 Quint.,Tac.).

252 4116 377 4176 Condere
394 4115 519 4194 (Graece
543 4109 671 4194 κτίζειν)
701 4116 833 4175 colonias
858 4115 1016 4175 insolenter
1043 4133 1062 4173 a
1088 4114 1202 4191 Vellejo
1229 4113 1333 4171 dicitur
1358 4131 1416 4188 pro

163 4221 272 4278 usitata
294 4221 440 4279 locutione
458 4219 604 4278 deducere
622 4217 754 4278 colonias
775 4214 821 4292 (cf.
839 4233 864 4290 2,
886 4235 927 4292 14,
948 4234 974 4289 1;
994 4218 1139 4277 deducere
1158 4217 1279 4276 colonos
1298 4230 1323 4287 2,
1341 4232 1368 4291 3,
1387 4215 1417 4289 3)

111 4397 113 4410 Ι
161 4323 212 4392 ita,
235 4331 267 4380 ut
289 4323 389 4397 imago
411 4322 490 4380 urbis
513 4321 686 4381 condendae
713 4321 813 4379 animo
836 4321 982 4397 scriptoris
1009 4321 1166 4379 obversata
1191 4336 1256 4377 esse
1282 4319 1416 4376 videatur

163 4439 186 4494 1,
211 4441 250 4501 15,
276 4441 300 4483 r:
324 4443 384 4483 non
402 4426 515 4486 vacavit
532 4423 673 4484 Romanis
697 4423 826 4482 colonias
849 4423 985 4483 condere.
1030 4421 1165 4480 Condere
1187 4421 1322 4491 insulam,
1346 4419 1364 4477 i.
1387 4438 1414 4477 e.
