3268 5016
782 314 991 372 -,,..

350 485 528 564 Resulgere,
557 484 636 560 quod
658 483 737 560 apud
760 493 870 544 veteres
890 485 1044 561 scriptores
1066 486 1182 561 proprie
1203 487 1348 562 siguificat
1370 485 1513 560 fulgorem
1621 499 1622 504 ’

265 589 419 658 remittere,
442 587 640 662 resplendere,
668 605 720 663 per
747 588 970 647 translationem
996 595 1153 663 usurpatur
1174 605 1193 645 a
1216 587 1329 666 Vellejo
1355 596 1513 664 praeeunte
1621 629 1622 648 .

264 690 414 765 Propertio
439 686 475 765 (3,
500 689 547 760 18,
564 688 591 763 8)
612 708 674 780 pro
687 692 802 748 renasci
821 705 845 760 2,
867 706 929 764 103,
952 705 981 765 5:
1004 699 1066 749 tum
1089 689 1200 750 refulsit
1217 697 1298 760 certa
1320 707 1387 765 spes
1409 688 1513 748 libero·
1621 669 1622 722 ³

264 810 329 851 rum
350 793 531 868 parentibus,
562 791 628 850 viris
650 791 913 851 matrimoniorum.
945 790 990 851 Cf.
1014 791 1088 850 Plin.
1109 791 1137 850 h.
1160 810 1189 850 n.
1211 807 1254 868 35,
1278 808 1297 867 9
1318 789 1383 869 (36),
1407 791 1462 850 601
1485 793 1513 851 in
1599 785 1602 800 '

265 895 370 972 quibus
388 895 498 971 primus
521 894 634 954 refulsit
654 894 861 970 Apollodorus.

350 995 495 1072 Relegare
519 998 599 1074 apud
621 998 747 1073 optimos
774 997 927 1072 scriptores
955 996 1081 1056 eandem
1103 997 1161 1054 vim
1188 994 1290 1066 habet,
1318 1013 1407 1072 quam
1430 1015 1448 1055 a
1470 1013 1514 1053 re·
1621 1069 1622 1072 Ἴ

264 1098 383 1174 publica
404 1117 575 1187 removere,
589 1117 648 1176 qua
670 1099 759 1156 utitur
780 1099 908 1176 VelleJus
931 1114 961 1168 2,
983 1114 1034 1174 45,
1049 1110 1089 1171 '43
1114 1114 1143 1174 2,
1167 1113 1237 1168 100,
1260 1113 1292 1173 5;
1316 1116 1369 1174 per
1390 1098 1514 1156 transla·
1621 1171 1622 1182 ¹

264 1200 375 1258 tionem
398 1208 554 1276 usurpatur
576 1219 629 1277 pro
651 1203 818 1276 assignare,
841 1203 1009 1272 attribuere,
1033 1203 1201 1280 transferre
1223 1218 1253 1271 2,
1276 1217 1329 1276 44,
1352 1215 1380 1260 21
1407 1201 1513 1259 invidia

264 1303 428 1362 communis
450 1303 599 1379 potentiae
620 1304 650 1362 in
671 1303 754 1362 illum
777 1300 971 1382 (Pompeium)
992 1303 1137 1378 relegatat
1160 1319 1185 1373 2,
1205 1302 1254 1377 64,
1271 1319 1301 1362 2:
1325 1303 1464 1362 invidiam
1486 1311 1514 1361 et
1621 1319 1622 1372 1

265 1411 416 1462 auctorem
439 1405 599 1488 relegabat.
644 1404 689 1463 Cf.
713 1404 813 1477 Quint.
836 1420 866 1481 7,
890 1423 924 1480 4,
950 1421 994 1482 13:
1022 1407 1168 1465 interdum
1195 1404 1282 1482 culpa
1308 1405 1339 1463 in
1365 1404 1513 1463 hominem
1621 1401 1622 1422 ¹

264 1504 428 1580 relegatur;
449 1504 476 1564 6.
494 1525 624 1583 prooem.
644 1505 664 1584 ἓ
684 1524 728 1582 13:
752 1509 852 1566 omnia
874 1508 912 1567 ad
935 1509 1044 1567 crimen
1063 1509 1198 1567 fortunae
1216 1507 1391 1583 relegamus.
1418 1505 1513 1564 Livius

264 1606 321 1666 hoc
343 1626 430 1667 sensu
452 1608 559 1679 verbo,
587 1609 666 1686 quod
689 1618 734 1668 est
754 1609 900 1698 delegare,
922 1612 1019 1681 utitur,
1042 1611 1120 1668 velut
1141 1626 1170 1685 5,
1192 1625 1244 1688 20,
1268 1625 1300 1684 9:
1327 1607 1465 1666 iuvidiam
1485 1614 1514 1665 et
1621 1615 1622 1654 ἒ

265 1707 387 1770 crimina
411 1711 550 1787 delegare
572 1711 611 1770 ad
633 1720 781 1781 senatum;
804 1711 852 1783 28,
875 1728 924 1787 42,
949 1729 993 1788 15:
1021 1712 1145 1772 adversa
1167 1713 1283 1772 casibus
1308 1711 1424 1769 incertis
1446 1707 1510 1766 belli

265 1819 297 1870 et
319 1812 454 1872 fortunae
476 1812 623 1889 delegare.
1451 1825 1453 1830 ’

350 1913 513 1988 Rependere
539 1917 608 1992 alqd
627 1917 695 1992 alqa
718 1936 747 1974 re
775 1933 829 1992 pro
852 1933 888 1973 eo
910 1915 1040 1991 ponitur,
1068 1916 1149 1993 quod
1167 1915 1250 1992 apud
1273 1913 1446 1973 Ciceronem
1467 1909 1511 1987 (de

264 2023 337 2073 orat.
361 2031 389 2084 2,
409 2015 457 2091 67,
483 2017 553 2094 269:
581 2036 635 2095 pro
662 2019 759 2095 capite
791 2036 895 2076 aurum
922 2017 1091 2093 rependere)
1117 2027 1161 2077 est
1187 2015 1348 2094 rependere
1370 2000 1439 2090 alqd
1461 2031 1513 2089 pro

195 2113 197 2117 ’
264 2117 334 2192 alqa
353 2135 384 2175 re
401 2134 426 2189 2,
446 2117 473 2190 6,
496 2135 526 2196 5:
549 2120 630 2196 quod
652 2120 754 2195 capitis
777 2137 837 2178 non
860 2119 957 2178 dicam
975 2118 1111 2189 Gracchi,
1135 2119 1187 2179 sed
1208 2120 1278 2178 civis
1301 2117 1429 2176 Romani
1450 2132 1516 2191 pre·

265 2219 338 2277 tium
365 2237 397 2278 se
428 2219 565 2280 daturum
591 2221 679 2298 idque
706 2239 778 2280 auro
805 2238 998 2296 repensurum
1024 2222 1184 2298 proposuit.
1228 2219 1343 2279 Eadem
1370 2225 1514 2277 structura

264 2320 409 2380 invenitur
440 2321 507 2380 Val.
541 2323 684 2399 Marco,
712 2339 744 2396 4,
771 2339 802 2399 3;
834 2324 906 2382 Plin.
934 2324 962 2381 h.
990 2343 1018 2382 11.
1041 2339 1090 2399 33,
1122 2340 1138 2398 3
1170 2319 1235 2400 (14),
1267 2321 1305 2395 48
1334 2320 1381 2393 (de
1410 2321 1516 2379 eodem

267 2421 404 2482 Graccho
427 2443 524 2484 sermo
546 2427 597 2502 fit).
1349 2483 1352 2488 .

349 2526 517 2603 Repudz'are
539 2529 576 2588 de
597 2530 684 2588 rebus
707 2528 885 2605 nuptialibus
908 2528 1012 2587 dicitur
1033 2543 1059 2598 2,
1082 2544 1126 2600 41,
1149 2544 1177 2586 2:
1200 2529 1282 2604 cujus
1304 2527 1394 2585 filiam
1416 2534 1448 2583 ut
1470 2543 1516 2583 re·

267 2629 403 2704 pudiaret
424 2630 560 2707 compelli
583 2647 642 2689 non
664 2637 780 2706 poterat
801 2627 913 2704 (Plaut,
936 2629 1016 2700 Ter,
1040 2629 1129 2700 Suet,
1151 2626 1208 2705 ah).

354 2734 567 2791 Transcendere
588 2733 747 2790 insolenter
769 2733 874 2791 dicitur
895 2749 962 2808 pro:
983 2732 1106 2790 transire
1128 2731 1158 2788 in
1180 2729 1329 2789 narrando
1352 2747 1377 2800 2,
1398 2746 1460 2806 130,
1483 2746 1516 2804 31

265 2842 297 2893 111
319 2834 358 2893 ad
379 2834 493 2912 majora
515 2833 732 2894 transcendam.
777 2833 822 2892 Cf.
846 2832 946 2905 Quint.
970 2846 994 2908 7,
1020 2850 1042 2902 1,
1065 2847 1093 2890 2:
1121 2832 1159 2891 ad
1182 2832 1292 2891 leviora
1313 2831 1516 2902 transcendat3
1621 2857 1622 2862 ¹

264 2937 344 3014 Hyg.
370 2937 450 3014 apud
476 2935 552 2995 Gell.
578 2934 620 3006 16,
644 2934 672 3006 6,
697 2952 741 3010 15:
765 2952 801 2993 ex
823 2936 935 2992 minore
958 2942 1055 2993 aetate
1073 2936 1102 2994 in
1124 2936 1268 3013 majorem
1290 2934 1515 2994 transcendisse.

353 3037 539 3116 Transgredi
557 3046 660 3096 contra
683 3037 924 3096 consuetudinem
951 3037 1128 3112 optimorum
1151 3037 1326 3111 scriptorum
1348 3055 1400 3113 per
1421 3043 1517 3094 trans·

265 3142 407 3201 lationem
429 3142 547 3218 ponitur
568 3157 622 3215 pro
644 3141 786 3215 excedere,
811 3140 974 3214 praeterire
996 3155 1021 3209 2,
1044 3152 1069 3213 7,
1092 3154 1122 3196 2:
1148 3141 1256 3216 quippe
1283 3139 1396 3216 juvenis
1419 3139 1518 3214 specie
1621 3199 1622 3204 ,

265 3244 412 3303 excellens
432 3245 559 3302 necdum
573 3222 848 3300 ¹duodevicesimum
866 3257 978 3298 annum
996 3248 1195 3318 transgressus
1208 3239 1369 3320 (Sallhist.
1387 3240 1442 3320 inc.
1460 3237 1515 3308 8o;
1621 3283 1622 3298 .

264 3347 332 3405 Val.
354 3344 446 3416 Max„
468 3345 542 3403 Plin.
564 3343 653 3422 mai).
684 3342 798 3401 Deinde
820 3340 876 3400 hoc
889 3342 1065 3400 vocabulum
1084 3340 1210 3400 eandem
1232 3343 1291 3399 vim
1307 3341 1405 3410 habet,
1425 3358 1518 3417 quam

264 3451 374 3508 silentio
391 3451 553 3522 praeterire
579 3445 692 3516 2,'108,
714 3461 746 3503 21
766 3443 847 3503 nulla
869 3442 1016 3502 festinatio
1038 3443 1123 3521 hujus
1145 3444 1195 3502 viri
1217 3444 1396 3502 mentionem
1420 3451 1518 3501 trans·

265 3551 348 3628 gredi
366 3550 464 3609 debet.
500 3549 546 3610 Cf.
565 3550 652 3626 Apul.
672 3549 709 3607 de
727 3549 826 3622 magia
845 3560 895 3621 74:
914 3546 1027 3604 utinam
1045 3543 1162 3603 hercule
1179 3562 1297 3622 possem
1315 3561 1391 3622 quae
1411 3543 1518 3603 deiude

265 3652 391 3713 dicenda
413 3661 480 3712 sunt
502 3653 564 3712 sine
586 3653 717 3711 maximo
738 3666 847 3708 causae
869 3646 1022 3724 dispendio
1044 3647 1216 3722 transgredi.

355 3756 547 3814 Tumultuarr'
565 3753 742 3813 vocabulum
764 3769 782 3809 a
806 3767 941 3808 sermone
967 3749 1107 3808 castrensi
1134 3747 1321 3825 desumptum
1343 3747 1423 3824 apud
1445 3747 1520 3806 Vel·

214 3885 215 3896 1
264 3856 353 3935 lejum
381 3875 449 3917 eum
472 3859 628 3933 significat,
657 3855 706 3932 qui
728 3855 854 3936 incertus
877 3858 933 3922 est,
961 3859 1059 3908 utrum
1082 3851 1167 3921 hanc,
1190 3869 1230 3910 an
1252 3850 1331 3908 illam
1357 3867 1520 3926 personam

264 3967 336 4036 agat
357 3975 387 4032 2,
411 3974 461 4036 79,
484 3976 514 4036 5:
543 3959 614 4018 dum
635 3959 710 4018 inter
737 3956 842 4015 ducem
865 3961 895 4013 et
917 3953 1078 4029 supplicem
1100 3954 1304 4013 tumultuatur.
1347 3951 1518 4022 ,Tumultus

264 4054 354 4139 saepe
381 4062 484 4122 dicitur
506 4063 543 4121 de
571 4061 660 4120 animi
687 4067 782 4128 motu,
809 4064 842 4114 ut
864 4055 937 4112 Hor.
949 4037 1009 4112 od.
1032 4070 1062 4125 2,
1087 4053 1133 4125 16,
1158 4070 1206 4114 101
1225 4073 1330 4132 meque
1354 4053 1520 4112 consularis

264 4173 428 4223 summovet
449 4165 534 4224 lictor
556 4162 667 4223 miseris
690 4159 829 4219 tumultus
852 4157 967 4216 mentis.
1011 4156 1147 4215 Eandem
1169 4158 1259 4216 21111111
1286 4156 1448 4232 agitionem
1475 4155 1520 4212 sic

265 4269 405 4342 expressit
427 4267 578 4326 Sallustius
601 4265 667 4342 Jug.
689 4275 735 4338 25,
760 4259 793 4319 6:
821 4267 901 4318 metu
924 4266 1013 4334 atque
1037 4257 1154 4316 libidine
1176 4255 1523 4334 divorsus‘agitabatur‘.

264 4366 465 4428 Ruhnkenius.

357 4469 457 4529 Venire
479 4473 509 4529 in
532 4469 611 4547 alqm
634 4467 791 4526 insolenter
814 4463 918 4524 dicitur
935 4480 989 4539 pro
1011 4465 1200 4539 supervenire,
1224 4465 1342 4521 adoriri
1356 4477 1381 4532 2,
1401 4478 1465 4536 109,
1485 4477 1526 4535 3:
