3268 5016
786 283 988 342 ..13-

261 470 401 531 Maricae.
436 470 521 537 Adde
543 470 626 534 lexic.
648 470 754 542 Latin,
777 472 827 548 qui
849 468 930 530 locos
952 489 989 530 ex
1012 471 1123 548 scripit.
1145 489 1168 530 r.
1187 490 1219 542 r.,
1243 472 1318 532 Plio.
1337 475 1417 551 maj..
1435 474 1512 536 Suet.

201 639 204 644 ,
263 574 432 634 attulerunt.

349 677 458 734 Auctor
484 675 600 752 proprie
626 674 731 733 dicitur
756 692 810 751 pro
837 677 1005 733 incremento
1028 691 1056 745 2,
1081 691 1146 752 129,
1167 693 1202 750 4:
1224 678 1326 751 magni
1347 677 1437 736 etiam
1459 687 1515 736 ter·

264 778 336 837 roris
354 778 463 836 bellurn
485 776 617 836 Africum
634 783 665 834 et
686 776 833 835 cotidiano
855 785 944 836 auctu
962 778 1056 857 majus
1074 777 1220 854 sepultum
1238 787 1283 839 est
1302 776 1373 855 (Liv.
1392 796 1420 853 4,
1440 795 1464 850 2,
1483 796 1511 848 2;

265 894 316 955 29,
339 893 386 954 27,
409 878 449 954 3);
480 879 620 938 translate
646 885 741 936 exstat
762 893 791 948 2,
814 893 870 952 40,
896 894 926 953 5:
953 879 1036 957 hujus
1064 880 1115 937 viri
1138 880 1288 956 fastigium
1314 881 1402 939 tantis
1425 882 1514 940 aucti·

265 981 320 1040 bus
342 979 461 1040 fortuna
482 979 584 1039 extulit
606 977 722 1058 (Varro,
745 979 863 1050 Poetae,
886 979 969 1050 Tac,
993 981 1048 1039 vid.
1072 981 1214 1040 Boettich.
1233 981 1316 1041 lexic.
1339 1002 1368 1059 p.
1392 980 1447 1058 74).

354 1081 457 1158 Calpo
479 1082 620 1142 translate
643 1090 799 1159 usurpatur
826 1101 881 1160 pro
908 1085 1016 1143 usitato
1041 1085 1187 1143 vocabulo
1212 1085 1340 1143 tenebrae
1361 1102 1391 1155 2,
1413 1085 1464 1160 36,
1490 1102 1513 1143 1:

265 1183 401 1242 omnibus
423 1183 490 1244 viris
511 1183 712 1259 magnitudine
731 1202 785 1243 sua
806 1184 975 1244 inducturus
993 1187 1149 1261 caliginem
1172 1183 1200 1265 (i.
1220 1206 1245 1245 e.
1264 1188 1401 1247 tenebras
1423 1188 1515 1247 obdu·

267 1281 387 1362 cturus).
483 1288 490 1294 '

355 1387 504 1447 Clare‘tudo
526 1404 580 1464 pro
602 1390 732 1447 claretate
749 1405 774 1458 2,
796 1405 828 1458 11,
847 1405 878 1464 3:
901 1396 932 1446 ut
950 1389 1039 1464 paulo
1057 1397 1127 1449 ante
1144 1390 1295 1449 Domitiae
1317 1389 1454 1461 familiae,
1476 1391 1515 1449 ita

238 1497 241 1503 '
271 1489 417 1549 Caeciliae
439 1489 572 1548 notanda
589 1488 732 1548 claritudo
755 1491 811 1561 est;
834 1507 859 1561 2,
878 1505 919 1564 17,
938 1507 967 1549 2:
990 1510 1057 1550 cum
1080 1473 1208 1550 familiae
1226 1493 1288 1569 ejus
1310 1491 1452 1551 claritudo
1474 1494 1516 1551 in·

249 1592 403 1652 -termissa
424 1600 512 1660 esset;
535 1607 689 1666 2,130,1:
712 1594 761 1668 qui
783 1592 863 1669 quod
881 1611 1013 1669 unquam
1036 1594 1208 1653 claritudine
1226 1595 1355 1663 eminuit,
1378 1594 1408 1652 id
1430 1595 1516 1652 veluti

266 1675 427 1768 cognatum
441 1701 541 1752 censet
550 1693 691 1752 tuendum
701 1691 786 1767 (Cato
796 1693 838 1764 fr,
852 1693 930 1764 Sall,
944 1694 1028 1766 Tac,
1039 1695 1076 1754 cf.
1087 1695 1228 1755 Boettich.
1239 1697 1321 1755 lexic.
1331 1695 1404 1753 Tac.
1418 1713 1446 1771 p.
1457 1691 1514 1770 9ο).

355 1793 520 1854 Claustrum
543 1789 707 1872 (singularis
730 1795 824 1854 forma
843 1795 922 1854 Curt.
941 1812 973 1869 4,
992 1813 1021 1872 5,
1044 1814 1085 1868 21;
1109 1813 1138 1873 7,
1162 1797 1194 1868 6,
1219 1796 1266 1873 13),
1293 1797 1374 1874 cujus
1397 1795 1514 1872 pluralis
1561 1796 1563 1800 ’

268 1900 397 1956 claustra
424 1914 477 1973 per
503 1897 722 1956 translationem
742 1900 913 1973 posituri,
937 1914 980 1974 17,
1003 1916 1036 1973 4:
1067 1901 1226 1959 eminentia
1251 1900 1390 1977 cujusque
1422 1899 1516 1973 operis

269 1998 434 2058 arctissimis
456 2007 622 2075 temporum
645 1999 777 2058 claustris
801 2000 980 2059 circumdata
1003 1997 1075 2078 (Cic.
1098 2020 1151 2078 pro
1173 1983 1250 2060 Mur.
1273 2000 1299 2071 8,
1325 2013 1366 2076 17:
1390 1999 1515 2059 claustra

244 2115 245 2118 ’
272 2099 429 2159 nobilitatis
452 2099 642 2176 perfringere3
665 2100 861 2177 Posteriores).
1190 2097 1192 2101 ⁴

281 2248 282 2251 .
358 2199 493 2260 Coe'rcr'tzo
516 2217 541 2271 2,
563 2215 609 2276 47,
632 2210 668 2276 35
686 2203 738 2261 sed
760 2205 822 2281 ejus
845 2205 1013 2264 consulatus
1035 2213 1154 2263 omnem
1176 2206 1234 2262 vim
1256 2205 1286 2263 in
1308 2203 1514 2262 coercitionem

268 2304 395 2362 ambitus
422 2304 564 2374 exercuit;
586 2321 620 2380 -2,
649 2321 706 2376 121,
736 2324 762 2365 1:
794 2325 860 2366 cum
888 2308 1083 2366 dissensiones
1109 2307 1286 2365 coercitione
1306 2305 1402 2380 magis
1424 2324 1514 2381 quarn

271 2423 367 2481 poena
400 2406 540 2465 mollisset
566 2402 638 2491 (Liv.
666 2425 698 2482 4,
726 2423 774 2482 53,
802 2423 830 2483 7;
858 2409 907 2477 26,
935 2409 986 2484 36,
1014 2425 1057 2479 12;
1085 2409 1175 2480 Cels,
1201 2408 1268 2467 Sen.
1294 2406 1374 2484 phil,
1406 2405 1515 2480 Quint,

268 2507 351 2577 Tac,
373 2503 473 2586 Suet).

358 2608 532 2669 Commeatus
560 2618 604 2670 est
629 2614 711 2671 venta
741 2615 824 2671 citizen
851 2621 938 2673 extra
964 2633 1024 2671 rem
1056 2616 1207 2673 militarem
1239 2629 1268 2683 2,
1296 2629 1347 2689 99,
1375 2627 1404 2670 2;
1435 2603 1516 2670 com·

213 2733 223 2758 ν
269 2713 442 2770 meatum'a
464 2729 566 2772 socero
593 2715 683 2788 petiit.
728 2714 775 2773 Cf.
798 2715 928 2774 Gronov.
953 2716 992 2773 ad
1013 2716 1087 2774 Tac.
1111 2717 1210 2790 Agric.
1233 2730 1258 2790 5,
1282 2716 1332 2790 qui
1353 2714 1452 2773 locum
1474 2713 1517 2770 af·

270 2812 326 2870 fert
348 2830 384 2870 ex
406 2811 468 2870 Cic.
492 2814 575 2872 Verr.
598 2830 624 2889 5,
647 2831 694 2889 43,
719 2832 776 2874 111:
798 2816 947 2894 Syracusis
964 2818 1105 2876 remansit
1126 2819 1156 2875 in
1178 2825 1356 2875 commeatu.
1400 2815 1446 2874 De
1469 2834 1517 2872 ve·

273 2915 322 2972 nia
344 2914 374 2972 in
396 2932 427 2972 re
448 2915 565 2974 militari
587 2924 681 2976 exstat
702 2934 727 2988 2,
752 2934 788 2988 11,
811 2935 836 2977 2.
937 2931 939 2934 ’

361 3015 508 3093 Consertae
534 3017 635 3078 addito
652 3021 789 3094 genitivo
812 3037 837 3091 2,
860 3037 908 3097 99,
934 3037 959 3090 ι;
982 3036 1006 3090 2,
1033 3036 1094 3095 163,
1118 3036 1149 3095 3;
1171 3019 1318 3078 consortio
1345 3019 1517 3078 tribuniciae

272 3119 424 3193 potestatis
446 3115 555 3194 (Liv.).·
580 3119 682 3180 Cicero
705 3123 760 3180 hac
783 3141 854 3181 voce
876 3122 1009 3182 absolute
1035 3124 1123 3181 utitur
1145 3122 1183 3180 dc
1204 3121 1253 3178 off.
1277 3137 1308 3194 3,
1331 3119 1363 3190 6,
1386 3119 1435 3179 26:
1463 3122 1517 3188 hu,-

271 3238 361 3278 mana
382 3223 546 3281 consortio.
1042 3201 1044 3206 Ι

359 3319 535 3398 Contemptus
557 3344 610 3402 pro
632 3345 682 3396 eo,
706 3327 785 3402 quod
806 3327 885 3402 apud
908 3326 1080 3386 Ciceronem
1106 3334 1150 3384 est
1171 3327 1331 3400 contemptio
1353 3339 1382 3394 2,
1405 3321 1458 3392 60,
1484 3337 1515 3394 3:

194 3471 197 3478 .
274 3440 369 3498 neque
390 3424 415 3482 is
437 3434 498 3484 erat
521 3435 715 3503 contemptus,
738 3428 790 3486 sed
812 3436 915 3487 metus.
950 3429 1069 3487 Passivo
1092 3445 1179 3486 sensu
1201 3435 1296 3485 exstat
1318 3425 1404 3486 Caes.
1426 3425 1454 3481 b.
1477 3421 1516 3480 G.
1618 3469 1619 3508 ,

272 3539 296 3595 2,
320 3539 368 3598 30,
392 3542 424 3597 4:
448 3531 628 3604 contemptui
649 3548 726 3600 esse,
750 3532 846 3589 activo
868 3530 947 3606 apud
968 3532 1053 3588 Auct.
1076 3531 1105 3588 b.
1128 3530 1211 3588 Alex.
1236 3544 1286 3604 74,
1305 3547 1321 3604 3
1345 3525 1428 3600 (Ltv,
1452 3523 1519 3600 alii).

357 3626 516 3688 Excidium
538 3648 591 3706 pro
613 3634 763 3707 excisione,
785 3636 925 3691 eversione
947 3649 973 3703 2,
995 3648 1023 3705 4,
1047 3649 1077 3706 3:
1105 3650 1159 3690 nec
1181 3632 1337 3708 quisquam
1358 3637 1427 3688 ante
1449 3645 1520 3686 eum
1618 3645 1619 3682 i

272 3728 395 3787 clariore
417 3732 531 3789 urbium
553 3733 666 3792 excidio
690 3752 798 3793 nomen
820 3753 905 3793 suurn
927 3743 1086 3811 perpetuae
1104 3733 1321 3820 commendavit
1341 3729 1519 3798 memoriae;
1618 3797 1619 3804 7

273 3846 297 3899 2,
321 3829 366 3906 98,
391 3821 419 3890 2;
443 3833 567 3908 plurimo
590 3853 658 3892 cum
676 3854 777 3894 earum
799 3832 952 3913 (gentium)
974 3836 1099 3913 encidi0;
1116 3853 1223 3912 -pro
1242 3835 1357 3892 intentu
1375 3847 1400 3900 2,
1420 3847 1469 3905 3ο,
1491 3848 1519 3888 1:
1618 3841 1619 3896 1

274 3915 404 4007 partibus
435 3937 493 3994 suis
524 3937 681 4012 excidium,
708 3940 761 3997 sibi
791 3947 915 3998 mortem
943 3940 1105 3997 auctoravit
1125 3937 1229 4012 (Post,
1256 3934 1325 3994 Sall.
1348 3934 1412 3992 hist.
1438 3950 1463 4002 1,
1487 3945 1519 4004 93

274 4051 294 4107 4
325 4033 628 4114 61,12[D.];Liv.).
1078 4111 1079 4114 7

358 4139 508 4197 Facundia
530 4141 638 4218 aliquid
657 4143 752 4201 differt
770 4145 808 4202 ab
826 4146 988 4220 eloquentes,
1007 4152 1038 4202 ut
1056 4162 1091 4202 ex
1110 4142 1209 4215 Quint.
1230 4159 1252 4200 1.
1275 4157 1405 4217 prooem.
1423 4151 1455 4209 23
1474 4133 1521 4191 in·

170 4237 172 4242 ’
278 4238 426 4314 telligitur:
455 4250 498 4300 est
524 4245 602 4302 euim
625 4243 762 4303 facundia
789 4245 912 4305 facilitas
935 4245 1049 4305 dicendi
1072 4251 1101 4303 et
1122 4245 1221 4320 copia,
1250 4241 1416 4319 eloquentia
1438 4234 1522 4295 addit

274 4341 401 4416 insuper,
424 4349 456 4400 ut
477 4343 553 4402 bene
575 4329 702 4422 apteque
725 4344 847 4405 facilitas
875 4346 924 4406 illa
946 4356 976 4406 et
997 4348 1083 4422 copia
1109 4345 1291 4405 adhibeatur.
1335 4344 1402 4421 Jam
1425 4340 1523 4398 Varro

274 4441 310 4500 de
329 4442 397 4518 ling.
414 4444 465 4503 lat.
485 4444 511 4516 6,
531 4461 547 4521 7
569 4448 610 4506 ita
633 4448 791 4522 distinguit,
809 4455 841 4506 ut
858 4449 1061 4524 interpretetur
1074 4449 1225 4525 secundos
1242 4463 1314 4514 esse,
1337 4444 1392 4520 qui,
1400 4442 1524 4521 seretur,
