3268 5016
711 323 915 393 413,-

163 501 218 561 =G.
241 500 331 567 Atilio
352 509 382 564 et
403 502 439 560 A.
462 501 582 562 Servilio
604 520 679 562 coss.
706 510 768 562 tam
800 503 892 564 facilis
923 505 1002 564 esset
1032 524 1179 566 annorum
1206 507 1331 584 digestio
1357 507 1440 584 (Plin.

187 600 274 682 mai).
298 602 358 662 Cic.
378 605 415 663 de
437 610 511 662 orat.
531 619 557 680 3,
576 618 621 679 53,
643 618 699 681 205
722 614 887 675 ,enumerat
905 606 1100 680 digestionem
1121 609 1197 668 inter
1214 611 1324 684 figuras
1343 611 1441 672 rheto-

186 706 260 768 ricas
283 705 495 765 sententiarum
517 713 547 764 et
570 704 682 766 videtur
703 705 867 782 intelligere
889 707 1131 779 distributionem,
1155 729 1214 786 qua
1234 711 1365 786 pluribus
1388 730 1441 788 po·

184 807 253 877 sitis,
276 825 363 866 suum
385 807 505 882 singulis
528 805 658 870 redditur
676 808 852 879 membrum,
876 808 993 870 Graece
1008 802 1170 892 μερισμὸν
1193 813 1238 872 vel
1261 807 1440 896 διαίρεσιν.

183 907 307 971 Forcell.
330 909 472 983 De-Vit(
503 907 592 984 utntl.

270 1010 385 1068 Debese'o
417 1011 455 1070 de
481 1009 687 1072 distribuendis
717 1009 843 1088 praediis
873 1031 923 1089 per
950 1014 1167 1073 triumvirorum
1193 1017 1438 1092 conscriptionem

182 1119 390 1188 usurpatum,
415 1125 464 1186 74,
488 1129 518 1171 2:
545 1113 595 1189 qui
617 1114 749 1174 instituta
778 1115 917 1175 divisione
936 1113 1008 1192 (,bei
1030 1117 1110 1175 einer
1133 1117 1440 1194 Acltervertheilung‘)

182 1213 370 1290 praediorum
387 1215 604 1290 nominatisque
622 1217 743 1276 coloniis
761 1231 850 1292 agros
868 1217 1027 1306 amiserant
1043 1215 1127 1292 (Tac.
1146 1237 1214 1278 ann.
1235 1236 1261 1290 1,
1278 1215 1333 1296 ιο).
1369 1221 1438 1279 Vim
1495 1253 1496 1256 =

94 1297 104 1305 ’
178 1323 253 1390 port
241 1317 342 1372 triade
350 1314 448 1382 habet
444 1316 537 1392 apud
558 1315 627 1382 Sall.
651 1317 718 1395 Jug.
742 1316 785 1388 rb,
811 1332 843 1396 53
865 1319 939 1378 inter
961 1319 1071 1394 figuras
1094 1319 1253 1380 rhetoricas
1269 1320 1438 1382 refertura

184 1415 335 1478 Cicerone.
405 1429 410 1502 Ἰ

268 1518 437 1580 Demetrium
454 1538 510 1596 pro
529 1521 726 1591 domeirole'one,
744 1523 891 1580 dominatu
909 1523 1026 1598 ponitur
1043 1537 1068 1592 2,
1088 1522 1137 1600 80,
1154 1539 1187 1597 4:
1206 1525 1265 1586 vita
1283 1484 1439 1601 rerumque

184 1636 303 1678 suarum
334 1621 498 1680 dominium
521 1621 548 1681 ei
570 1639 712 1702 concessa
733 1603 801 1682 sunt
822 1620 898 1698 (Val.
921 1623 1013 1694 Max,
1035 1625 1103 1683 Seu.
1126 1623 1211 1702 phil).
1255 1624 1364 1702 Cicero,
1380 1627 1438 1686 hae

183 1737 256 1780 voce
278 1739 331 1798 pro
354 1724 487 1806 convivio
509 1723 607 1794 utitur,
631 1725 700 1804 quia
723 1724 861 1786 dominus
878 1724 1025 1786 interdum
1047 1734 1176 1798 vocatur,
1199 1711 1249 1806 qui
1271 1727 1436 1786 convivium

183 1823 308 1886 exbibet.
401 1855 404 1858 ·

269 1925 386 1990 Electae.
429 1925 600 1986 Electrenem
622 1930 693 1986 dare
715 1909 775 2004 pro
792 1945 838 1996 eo,
861 1927 941 2007 quod
963 1935 1008 1988 est
1030 1927 1110 2004 apud
1131 1928 1258 2004 optimos
1280 1928 1437 2006 scriptores
1508 1999 1510 2002 ¹

183 2028 318 2099 optionem
332 2029 410 2098 dare,
421 2029 537 2108 facere,
555 2028 700 2088 invenitur
719 2043 747 2099 2,
762 2043 808 2106 72,
824 2043 857 2104 5:
876 2031 984 2106 quippe
1002 2028 1114 2088 nullum
1132 2029 1308 2092 habentibus
1326 2036 1436 2101 statum

182 2126 303 2202 quilibet
330 2128 388 2188 dux
414 2135 478 2190 erat
503 2129 641 2201 idoneus,
668 2149 736 2190 cum
759 2131 879 2193 fortuna
906 2150 966 2190 non
994 2131 1168 2192 electionem
1190 2132 1274 2194 daret
1299 2132 1375 2208 (Sen.
1399 2134 1436 2192 de

180 2244 262 2302 prov.
285 2244 376 2304 3,11;
398 2231 472 2290 Plin.
494 2225 542 2308 ep.
565 2248 587 2301 1,
611 2247 658 2302 20,
681 2231 734 2308 22).
769 2232 831 2292 Liv.
854 2249 901 2307 34,
920 2249 963 2308 19,
982 2250 1013 2308 3:
1036 2234 1210 2294 electionem
1234 2234 1308 2294 ferre
1330 2234 1436 2310 legitur

181 2337 210 2390 et
231 2327 277 2404 38,
300 2330 327 2398 8,
349 2347 379 2406 5:
402 2332 575 2394 electionem
598 2334 770 2410 relinquere.
814 2333 860 2404 Cf.
882 2334 1056 2404 Boetticher,
1080 2334 1162 2394 lexic.
1185 2335 1280 2396 Tacit.
1302 2353 1331 2412 p.
1354 2350 1433 2412 171„

265 2433 430 2495 Eminentia
452 2453 539 2498 sensu
561 2444 701 2494 concreto
722 2433 827 2492 dicitur
849 2435 886 2494 de
904 2435 1078 2504 bominibus,
1102 2437 1151 2511 qui
1171 2436 1311 2514 cujusque
1328 2437 1434 2498 artium

180 2534 296 2608 generis
314 2534 450 2610 operibus
465 2537 598 2610 'insignes
616 2535 733 2594 suerunt
752 2552 773 2606 ι,
791 2549 829 2610 17,
844 2515 1055 2610 4s‘eminentia
1069 2537 1210 2613 cujusque
1222 2538 1318 2614 operis
1333 2538 1436 2598 arctis·-

181 2634 261 2694 simis
283 2644 449 2711 temporum
476 2635 610 2696 claustris
635 2635 832 2705 'circumdata;
859 2653 914 2712 pro
940 2637 1138 2711 prominentia
1159 2639 1377 2716 separatimque
1404 2639 1433 2700 iu

179 2736 299 2810 picturis
321 2738 456 2816 opposita
478 2738 589 2798 umbris
610 2739 685 2797 haec
707 2755 764 2796 vox
786 2737 865 2813 apud
887 2736 1060 2796 Ciceronem
1083 2746 1187 2798 exstat.
1281 2765 1285 2770 ·
1378 2761 1383 2768 ·

265 2837 414 2900 Excessus
434 2840 552 2916 propria
574 2838 788 2916 significatione
805 2839 924 2915 ponitur
943 2857 965 2910 r,
987 2855 1025 2914 15,
1047 2855 1071 2900 1:
1096 2859 1193 2918 neque
1203 2841 1348 2916 proximis
1365 2848 1434 2917 post

181 2956 333 3000 excessum
350 2941 411 3020 ejus
428 2938 624 3016 (Hannibalis)
646 2942 730 3002 annis
749 2942 863 3000 vacavit
881 2941 1024 3000 Romanis
1043 2942 1174 3002 colonias
1191 2943 1331 3012 condere;
1354 2945 1434 3019 apud

181 3039 354 3101 Ciceronem
376 3061 491 3122 semper
513 3049 677 3120 pro-morte
698 3050 855 3119 usurpatur
877 3041 1023 3118 (excessus
1045 3063 1062 3104 e
1085 3040 1164 3121 vita).
1264 3083 1268 3088 -

101 3121 110 3128 ’
264 3141 390 3201 Exitum
410 3145 485 3204 vitae
508 3145 669 3221 mortisque
691 3145 800 3204 habere
823 3147 968 3205 invenitur
990 3162 1014 3216 2,
1035 3161 1059 3220 7,
1080 3162 1101 3216 1,
1125 3163 1224 3207 rarum
1247 3154 1276 3210 et
1294 3153 1433 3222 argutum

182 3242 296 3304 dicendi
315 3263 408 3320 genus
426 3264 492 3322 pro:
515 3246 644 3304 violento
661 3247 764 3304 mortis
781 3264 891 3322 genere
909 3247 1012 3322 perire.
1049 3247 1094 3306 Cf.
1113 3247 1232 3308 Ruhnk.
1255 3249 1294 3308 ad
1318 3264 1345 3320 2,
1365 3265 1389 3325 7,
1411 3266 1431 3319 1,

180 3345 230 3420 qui
252 3347 352 3406 mortis
375 3348 486 3408 exitum
508 3347 694 3408 deviolento
716 3349 818 3412 mortis
841 3365 950 3422 genere
969 3349 1191 3427 *dtctexemptis
1213 3350 1308 3410 docet

264 3447 350 3504 Iuleos
372 3467 390 3506 a
409 3449 524 3528 Vellejo
546 3449 642 3524 primo
663 3466 717 3525 pro
739 3450 796 3508 fine
818 3450 895 3509 vitae
918 3459 1074 3526 usurpatur
1096 3467 1121 3521 2,
1142 3467 1199 3526 123,
1219 3469 1249 3526 3:
1273 3470 1329 3511 nec
1347 3453 1428 3530 quic·

179 3563 269 3622 quam
281 3549 343 3626 jam
353 3549 390 3606 de
400 3551 466 3624 fine,
480 3567 504 3610 ss
497 3549 580 3609 'tata
594 3557 758 3629 poscerent,
773 3567 923 3610 recusans.
946 3549 992 3612 Cf.
1001 3551 1112 3612 Krebs·
1099 3551 1261 3630 -stllgayer,
1276 3554 1431 3612 Antibarb.

178 3647 224 3706 ed.
243 3649 281 3708 V.
300 3667 327 3725 p.
346 3651 403 3724 470
420 3657 450 3709 et
466 3651 609 3711 Boettich.
628 3653 711 3712 lexic.
729 3651 826 3711 Tacit.
845 3670 874 3728 p.
893 3669 956 3729 sqq.
992 3654 1152 3714 diuser=
1170 3674 1243 3713 more
1242 3653 1323 3714 Cic.
1341 3663 1430 3731 poeta

73 3815 76 3820 ,
177 3749 318 3810 rnTusc
344 3750 445 3826 1,48,
470 3767 528 3826 115.
597 3771 600 3776 ·

261 3855 378 3930 Fulgor
396 3854 512 3930 saepius
530 3857 670 3932 reperitur
689 3856 768 3933 apud
776 3785 928 3933 Vellejurn
943 3857 1085 3918 translata
1098 3855 1318 3932 significatione,
1337 3859 1428 3918 velut:

177 3939 274 4028 fulgor
296 3971 421 4025 suusa,
445 3971 499 4031 99,
522 3971 550 4026 2;
575 3957 594 4014 f.
618 3958 712 4018 avitus
734 3973 763 4028 2,
788 3956 876 4031 4,6;
900 3956 918 4016 l.
942 3958 1084 4018 adventus
1107 3958 1293 4029 Caesarium
1317 3973 1372 4036 50,
1396 3975 1426 4034 4;

179 4051 383 4113 ficarminum
408 4074 432 4125 1,
457 4071 491 4132 5,
517 4073 538 4116 ι.
625 4097 629 4106 ι

262 4155 420 4231 Ingressus
442 4158 521 4234 apud
538 4158 679 4236 Vellejum
704 4159 832 4236 primum
853 4162 969 4235 proprie
992 4168 1087 4220 exstat
1110 4161 1379 4239 praepositionem
1402 4181 1426 4221 c.

177 4275 274 4320 accus.
302 4257 405 4318 addita
431 4255 514 4334 (,das
536 4259 773 4336 Hineingehen‘)
801 4277 833 4330 2,
857 4261 907 4336 63,
931 4278 960 4320 2:
991 4262 1047 4320 sub
1069 4263 1180 4321 Antoni
1206 4263 1371 4338 ingressum
1398 4265 1429 4323 in

175 4367 272 4443 castra
295 4357 446 4436 Juventius
464 4360 631 4422 Laterensis
654 4379 686 4422 se
709 4364 771 4438 ipse
792 4365 936 4423 transfixit
957 4363 1038 4440 (Plin.
1060 4382 1129 4441 pan.
1154 4379 1181 4439 5,
1205 4381 1237 4438 4;
1261 4383 1307 4442 ep.
1332 4364 1372 4436 16,
1398 4382 1429 4440 17

176 4458 243 4538 (28),
267 4477 298 4536 4;
326 4463 547 4540 Auson'edyll.
571 4464 600 4524 ὁ.
627 4465 710 4542 epist.
732 4464 826 4523 Paulo
854 4483 908 4524 suo
936 4485 965 4542 p.
990 4467 1040 4540 167
1068 4466 1113 4525 ed.
1136 4468 1213 4544 Bip.;
1240 4467 1335 4544 Spart.
1362 4468 1428 4526 Sev.
