3268 5016
779 315 967 372 ..4-

245 485 310 554 206,
324 500 350 555 1:
369 501 393 555 2,
407 501 463 559 224,
477 483 507 558 2),
523 485 710 560 apostrophen
729 484 762 559 (2,
774 483 821 555 66,
832 499 859 560 3,
873 485 923 560 qui
941 484 1023 544 locus
1037 490 1116 548 totus
1135 493 1180 544 est
1196 482 1357 560 oratorius),
1376 490 1504 562 anapho-

242 607 308 648 ram
331 583 365 663 (2,
384 584 412 655 6,
432 600 462 662 2;
485 601 509 653 2,
530 585 576 661 80,
597 599 671 656 222,
692 583 806 661 22221,
829 582 1020 660 condeta-(¹,
1046 598 1070 662 72
1094 601 1125 658 4:
1149 601 1174 655 2,
1195 597 1453 664 1o·4;·2‚20‚sr
1476 605 1503 660 2,

244 688 290 759 68,
315 699 341 758 1:
365 703 389 758 2,
420 702 464 763 75,
492 703 523 761 3;
550 702 574 756 2,
599 702 643 762 79,
670 701 695 756 2;
723 701 749 756 2,
770 699 831 762 205,
851 699 880 761 52
909 700 934 756 2,
957 699 1019 760 130,
1040 685 1077 761 4),
1091 688 1277 762 2217022222
1300 685 1334 763 (2,
1353 687 1397 757 82,
1415 705 1449 763 42
1476 707 1502 760 2,

243 789 342 865 83,'2;
369 805 394 858 2,
415 802 532 864 205,·4;
557 803 582 858 2,
607 804 670 862 204,
698 786 739 863 4),
767 789 862 846 blatea
884 785 917 861 (1,
938 803 963 857 2,
984 805 1009 845 22
1041 787 1083 845 vir
1114 801 1175 846 non
1205 789 1447 864 praetereundum
1476 808 1502 862 2,

245 891 286 962 28,
313 909 339 952 22
373 893 413 952 222
436 907 533 974 neque
555 889 696 960 silendus,
725 907 820 966 neque
843 889 984 948 dicendus
1006 889 1070 948 sine
1091 903 1175 958 cura3
1198 904 1223 960 2,
1243 907 1270 965 9,
1292 906 1317 948 22
1340 909 1395 952 022
1417 913 1503 970 prae·

244 993 402 1076 tereundus
425 992 561 1053 Metellus
584 1000 614 1052 et
635 991 774 1061 Scaurus3
801 1001 832 1059 2‘,
859 989 909 1061 26,
937 1006 969 1064 52
991 1009 1052 1050 non
1078 990 1182 1074 perdat
1208 989 1357 1068 gloriam),
1386 991 1420 1056 ἓν
1448 987 1504 1060 deci

244 1090 337 1158 duola
355 1092 392 1170 (2,
412 1110 462 1170 29,
481 1110 510 1153 22
538 1079 682 1170 dignitate
707 1087 952 1169 constantiaque),
981 1093 1138 1151 catarnaum
1160 1089 1199 1168 (2,
1220 1109 1282 1170 229,
1301 1109 1331 1164 23
1354 1111 1383 1166 2,
1404 1095 1467 1165 226,
1486 1114 1503 1156 2

245 1205 274 1256 22
301 1195 338 1275 4).
386 1196 497 1272 Figura
519 1196 591 1267 illa,
619 1210 708 1272 quam
722 1250 725 1256 ,
739 1215 860 1271 zeugma
886 1203 994 1259 vocant
1025 1196 1224 1270 grammatici,
1257 1196 1402 1260 invenitur
1431 1198 1504 1258 10222

244 1299 303 1358 his:
335 1314 365 1367 2,
393 1313 444 1366 20,
473 1314 503 1372 52
540 1297 574 1358 C.
605 1296 734 1357 Marium
761 1315 829 1356 cum
852 1297 911 1356 filio
941 1297 979 1355 de
1006 1297 1092 1357 exilio
1119 1297 1265 1358 revocavit
1296 1299 1404 1378 quique
1434 1315 1501 1359 cum

244 1402 277 1462 iis
299 1400 374 1476 pulsi
401 1409 494 1458 erant.
517 1429 558 1442 -
574 1414 606 1470 ·2,
634 1397 679 1474 85,
704 1415 735 1476 52
764 1399 817 1458 suit
838 1398 868 1456 in
891 1398 1026 1458 confesso
1048 1398 1157 1458 milites·
1180 1399 1294 1474 optimi
1309 1400 1501 1476 imperatoris,

245 1503 451 1578 imperatorem
469 1500 651 1575 fugacissimi
668 1500 767 1560 militis
786 1501 919 1560 functum
937 1501 1043 1559 officio.
1062 1531 1102 1544 —-
1121 1517 1147 1569 2,
1162 1499 1213 1583 ,89,
1232 1516 1265 1574 42
1287 1501 1433 1578 principes
1451 1502 1502 1560 viri

243 1601 455 1680 triumphisque
482 1609 510 1662 et
536 1602 721 1680 amplissimis
743 1601 902 1661 honoribus
930 1601 1021 1661 iuncti
1043 1602 1083 1662 ad
1104 1603 1269 1662 ornandam
1292 1605 1395 1666 urbem
1416 1604 1503 1664 illecti

244 1711 320 1764 sunt
338 1734 381 1750 -
399 1719 424 1774 2,
445 1687 511 1774 100,
529 1715 561 1779 32
584 1703 661 1784 Julia
682 1704 760 1774 nihil,
783 1703 864 1782 qnod
886 1703 985 1764 facere
1006 1713 1059 1784 aut
1080 1706 1141 1781 pati
1164 1705 1284 1781 turpiter
1302 1716 1401 1785 posset
1419 1706 1502 1766 lemi-

246 1805 440 1876 n*a,·luxuria,
463 1805 581 1865 libidine
602 1806 743 1866 iniectum
765 1806 889 1883 reliquit.
908 1835 948 1850 -
967 1821 992 1876 2,
1017 1823 1074 1876 222,
1092 1823 1123 1887 32
1146 1807 1188 1865 ita
1209 1807 1348 1886 placebat
1369 1807 1502 1868 barbaris

244 1926 383 1969 uumerus
405 1926 491 1978 suus,
515 1908 556 1968 ita
577 1907 685 1968 fiducia
706 1909 822 1977 virium,
846 1915 878 1967 ut
900 1907 1067 1983 ubicunque
1085 1907 1196 1968 Caesar
1218 1917 1303 1978 esset,
1327 1907 1396 1968 nihii
1418 1909 1446 1967 in
1469 1926 1502 1968 se

244 2016 430 2086 reponerent.
475 2009 530 2072 Per
548 2017 667 2085 zeugma
690 2008 788 2077 verba,
811 2027 888 2085 quae
911 2017 978 2068 sunt
1002 2009 1315 2080 ,22221221222222212222222ι
1338 2010 1502 2078 referuntur

245 2111 289 2172 221,
306 2111 471 2187 placebat.
491 2141 530 2154 -
552 2126 576 2181 2,
601 2110 659 2181 228,
682 2127 715 2184 42
738 2109 811 2171 haec
830 2109 971 2170 naturalis
994 2111 1121 2186 exempli
1143 2111 1269 2171 imitatio
1291 2111 1330 2170 ad
1352 2114 1503 2190 experien—

244 2213 315 2274 dum
337 2213 476 2290 Sejanum
499 2212 676 2290 Caesarem,
698 2213 737 2272 ad
757 2212 887 2289 juvanda
906 2221 976 2272 vero
998 2231 1091 2290 opera
1113 2214 1253 2290 principis
1274 2213 1414 2292 sejanum
1435 2233 1504 2292 pro·

243 2314 316 2374 tulit.
360 2315 436 2393 ,Jam
458 2313 645 2372 Burmannus
672 2313 742 2372 vidit
768 2332 889 2389 zeugma
911 2314 938 2372 h.
962 2313 980 2372 l.
1004 2315 1155 2384 obtinere,
1182 2316 1206 2374 si
1233 2315 1352 2391 quidem
1379 2317 1500 2376 verbum

243 2417 378 2492 proxime
405 2415 623 2496 ad·,Sejanum‘
650 2415 787 2492 pertinet,
820 2434 909 2491 quem
936 2414 987 2502 illa
1015 2417 1141 2491 exempli
1168 2416 1209 2475 vis
1236 2435 1338 2476 revera
1362 2397 1502 2493 ,9220122122ι

241 2519 259 2576 i.
280 2537 305 2578 2,
324 2519 354 2578 in
372 2517 469 2589 lucem
486 2518 629 2594 protraxit
647 2525 676 2576 22
687 2517 723 2576 20
741 2534 889 2576 summum
908 2516 1005 2576 locum
1027 2518 1131 2596 evexit.
1167 2517 1215 2576 Ad
1233 2519 1311 2596 prius
1333 2521 1500 2578 membrum

174 2602 176 2606 ⁸
244 2620 424 2694 cogitatione
443 2618 516 2680 'inde
537 2618 712 2678 eliciendum
735 2625 781 2678 est
802 2619 935 2693 ,2207222122ι
958 2619 1004 2678 vel
1027 2617 1120 2678 simile
1142 2619 1339 2679 vocabulum‘.
1375 2613 1464 2681 Kritz.

330 2721 388 2780 Sed
414 2721 623 2778 redundantiae
644 2719 763 2782 inservit
784 2717 913 2796 Vellejus
942 2719 1114 2795 saepissime
1137 2729 1166 2778 et
1193 2720 1242 2780 ubi
1264 2739 1325 2780 2200
1343 2721 1501 2781 verbovel

247 2839 307 2884 una
330 2822 477 2881 locutione
500 2820 767 2896 defungi-poterat,
790 2820 921 2895 pluribus
939 2821 1037 2878 utitur.
1072 2821 1119 2878 Sic
1142 2838 1355 2898 nonnunquam
1377 2843 1500 2900 222222·

245 2927 301 2985 2222
324 2923 449 2985 eandem
471 2932 534 2985 r‘eru
557 2921 697 2991 declarat,
714 2933 743 2978 ’2.
761 2939 787 2978 c.
805 2921 902 2998 prisca
924 2928 953 2979 et
970 2928 1052 2981 vetus
1075 2923 1229 2982 comoedia
1248 2939 1269 2993 1,
1290 2922 1332 2998 26,
1350 2939 1382 2999 5;
1405 2926 1501 3000 prisca

243 3034 273 3084 et
294 3025 415 3104 antiqua
437 3024 574 3084 severitas
596 3039 621 3094 2,
646 3038 702 3098 225,
725 3039 745 3096 4
767 3018 811 3098 (cl.
833 3038 858 3090 2,
881 3020 928 3098 89,
951 3019 991 3098 572
1015 3023 1083 3082 12221
1104 3025 1272 3100 gestarique
1291 3041 1315 3096 2,
1334 3040 1377 3100 27,
1401 3042 1432 3100 52
1455 3028 1499 3086 ni·

243 3127 282 3188 hil
304 3129 469 3194 immotum,
492 3125 562 3185 nihil
585 3125 783 3204 tranquillum,
803 3123 871 3182 nihil
890 3125 1020 3200 quietum
1038 3125 1165 3201 demque
1187 3125 1217 3185 in
1235 3125 1341 3185 eodem
1360 3135 1437 3186 statu
1455 3146 1501 3187 re·

128 3247 131 3252 ¹
230 3228 393 3304 linquebat
410 3226 482 3297 2‚.6,
502 3245 545 3317 5..
574 3227 645 3290 Aliis
668 3227 740 3287 locis
761 3228 884 3303 tropicae
907 3229 1027 3286 de'ctebm'
1041 3226 1175 3304 adjungit
1197 3227 1320 3310 scriptor
1338 3231 1506 3304 properam,-

241 3347 265 3388 v.
291 3348 316 3390 c.
339 3330 471 3390 animum
498 3337 620 3405 quatere
642 3336 731 3404 atque
753 3333 862 3386 terrere
885 3341 910 3396 2,
935 3341 993 3397 220,
1018 3326 1050 3398 62
1078 3327 1256 3387 inescandae
1278 3328 1500 3406 illiciendaeque

240 3431 433 3492 multitudinis
452 3449 542 3492 causa
561 3441 589 3500 '2,
614 3446 654 3505 13,
677 3445 706 3498 2;
730 3429 775 3487 vel
797 3429 916 3488 alteram
939 3431 1084 3503 tropicam
1099 3430 1261 3499 clariorem,
1283 3447 1310 3488 v.
1328 3447 1354 3488 c.
1377 3447 1423 3489 res
1444 3447 1499 3507 pu·

241 3533 318 3592 blica
349 3532 443 3592 fluens
474 3539 503 3592 et
534 3531 732 3608 procumbens
764 3545 793 3600 2,
823 3526 869 3598 16,
898 3545 930 3602 4;
958 3529 1048 3588 hirtus
1081 3537 1170 3606 atque
1196 3529 1329 3590 horridus
1351 3545 1380 3601 2,
1405 3545 1447 3600 22,
1472 3547 1498 3599 2;

240 3634 285 3692 221
306 3637 446 3710 propreae
469 3633 589 3691 alteram
609 3622 791 3706 2222222222,
819 3643 845 3689 v.
869 3649 894 3690 c.
918 3631 999 3708 leges
1024 3631 1207 3707 perniciosae
1234 3642 1264 3692 et
1289 3633 1451 3693 exitiabiles
1472 3647 1498 3702 2,

242 3733 282 3806 18,
294 3732 326 3805 63
347 3735 441 3794 oratio
459 3745 496 3796 'ac
514 3735 556 3798 vis
575 3733 698 3799 sorensis,
714 3733 935 3811 perfectumque
950 3749 1056 3808 prosae
1075 3733 1262 3809 eloquentiae
1280 3733 1371 3792 decus
1382 3749 1404 3802 r,
1417 3747 1455 3808 27,
1466 3749 1483 3808 3
1489 3749 1497 3802 ;

240 3844 330 3913 caput
352 3847 482 3897 erectum
501 3844 539 3896 et·
552 3843 732 3896 ostentatum
754 3851 779 3912 2,
803 3851 844 3910 29,
870 3851 891 3892 2.
1196 3846 1197 3852 ’

249 3976 253 3982 -
325 3936 448 4015 Saepius
471 3937 565 4020 nerbas
578 3938 823 4016 frequentabitis,
850 3936 959 4012 quippe
981 3953 1057 4011 quae
1084 3936 1246 4012 pleniorem
1269 3953 1375 3994 sonum
1397 3936 1427 3994 in
1450 3955 1502 3996 eas

241 4037 338 4096 dendo
360 4039 498 4109 reddant,
523 4039 612 4097 utitur
635 4039 778 4116 Vellejus,
811 4037 902 4097 velut:
930 4036 1090 4098 adventare
1116 4053 1145 4109 2,
1174 4054 1222 4114 59,
1247 4037 1279 4108 6;
1311 4037 1450 4099 affectare
1472 4054 1498 4107 2,

239 4155 290 4216 59,
324 4155 351 4210 22
381 4150 501 4217 captare
532 4156 562 4211 2,
594 4157 645 4216 50,
678 4155 709 4216 33
745 4156 774 4211 2,
808 4155 871 4216 229,
906 4155 933 4209 22
968 4141 1134 4202 consultare
1161 4157 1189 4210 2,
1218 4156 1268 4215 24,
1300 4155 1331 4215 53
1364 4140 1497 4205 dictitare

237 4254 267 4310 2,,
292 4254 339 4314 27,
363 4257 393 4312 22
417 4251 567 4318 2,·57,-2;
596 4258 624 4311 2,
648 4241 702 4319 58,
726 4257 754 4311 2;
779 4258 803 4313 2,
828 4241 882 4312 60,
905 4255 936 4311 22
958 4256 988 4313 2,
1012 4241 1061 4316 85,
1085 4258 1113 4312 2;
1141 4250 1306 4327 respectare
1328 4258 1356 4312 2,
1382 4256 1443 4318 207,
1467 4254 1497 4310 2;

237 4341 362 4402 22222221μ
384 4359 410 4411 2,
426 4368 432 4374 -
449 4360 493 4418 13,
522 4357 561 4420 -52
594 4344 721 4404 vocitare
759 4359 784 4413 1,
819 4355 910 4417 3,''1.
943 4371 985 4386 -
1024 4344 1113 4404 Verba
1144 4347 1283 4402 ratenseaa
1314 4343 1497 4421 reperiuntur

231 4440 326 4518 apud·
342 4443 488 4522 Vellejum
515 4444 602 4507 haec:
630 4444 758 4504 indicare
780 4460 806 4515 2,
834 4443 877 4516 62,
901 4459 931 4520 33
959 4461 983 4516 2,
1009 4461 1121 4516 102,1;
1153 4461 1178 4516 2,
1204 4444 1259 4515 118,
1282 4461 1318 4518 42
1347 4451 1500 4510 ostentare
