3268 5016
669 1088 910 1182 VITA.

749 1281 831 1288 ..β-

246 1383 393 1443 Henricus
417 1384 552 1460 Georges
575 1393 661 1444 natus
684 1403 750 1444 sum
773 1382 890 1442 Gothae
913 1402 992 1441 anno
1018 1385 1102 1462 hujus
1125 1387 1232 1444 saeculi
1254 1385 1310 1445 LII
1333 1387 1418 1444 tertio

162 1487 209 1546 die
236 1488 344 1545 mensis
372 1487 448 1564 Junii
475 1496 559 1563 patre
587 1485 696 1544 Carolo
723 1486 860 1554 Ernest0,
892 1485 1116 1562 lexicographo,
1148 1496 1243 1545 matre
1270 1483 1417 1553 Carolina,

163 1607 180 1646 e
207 1598 296 1663 gente
322 1571 446 1647 Hunnia
472 1589 610 1659 oriunda,
641 1589 745 1664 quibus
772 1587 890 1662 optimis
921 1589 1091 1662 parentibus
1118 1594 1150 1645 ut
1177 1607 1309 1647 summus
1336 1589 1417 1648 Deus

161 1707 251 1766 quam
273 1690 477 1765 longissimam
500 1698 528 1746 et
549 1689 744 1747 laetissimam
766 1689 856 1746 vitam
879 1689 1034 1763 impertiat,
1058 1691 1142 1748 enixe
1164 1708 1277 1765 precor.
1313 1689 1417 1748 Fidem
1443 1689 1446 1695 '

162 1792 300 1866 profiteor
322 1791 535 1866 evangelicam.
571 1790 859 1871 Primis-litterarum
878 1789 1031 1849 elementis
1048 1792 1176 1849 imbutus
1199 1791 1303 1850 decem
1323 1809 1417 1850 annos

161 1901 247 1951 natus
266 1893 339 1950 inter
354 1892 510 1967 discipulos
520 1891 664 1968 gymnasii
674 1889 819 1948 Ernestini
829 1889 961 1949 Gothani
975 1902 1109 1968 receptus
1124 1911 1197 1961 sum,
1211 1893 1291 1970 quod
1306 1902 1418 1952 rectore
1505 1957 1507 1962 .

162 1993 187 2070 J.
206 1993 412 2069 Marquardto,
434 1994 496 2052 viro
518 1993 695 2060 doctissime,
719 1992 920 2062 illustrissimo,
944 1992 1154 2053 humanissimo
1172 1995 1265 2064 floret,
1288 1995 1371 2070 cujus
1388 2004 1417 2052 et

160 2095 298 2153 Friderici
330 2095 450 2170 Bergeri
483 2103 511 2154 et
543 2093 661 2152 Ottonis
693 2094 859 2152 Schneideri
890 2103 1007 2170 praeter
1033 2105 1146 2154 ceteros
1174 2097 1202 2154 in
1234 2115 1284 2154 me
1314 2097 1418 2153 merita

160 2196 336 2256 celebranda
359 2204 435 2254 sunt.
480 2195 594 2254 Novem
617 2197 702 2260 annis
724 2204 790 2270 post
816 2197 946 2264 annoh.
970 2215 992 2254 s.
1015 2197 1114 2269 LXXI
1137 2198 1313 2256 maturitatis
1339 2200 1419 2256 testi·

162 2298 262 2355 monio
284 2298 413 2356 munitus
436 2297 642 2356 Universitatis
670 2297 831 2355 litterarum
854 2296 1057 2372 Gottingensis
1080 2300 1183 2357 civium
1214 2316 1337 2357 numero
1364 2299 1417 2356 ad·

163 2398 286 2474 scriptus
308 2417 384 2456 sum.
428 2399 463 2456 In
485 2399 727 2475 philosophorum
754 2399 886 2457 ordinem
909 2400 1019 2459 relatus
1043 2419 1095 2475 per
1117 2410 1244 2477 quatuor
1267 2402 1418 2458 semestria

119 2529 121 2532 ·
161 2502 220 2558 adii
243 2501 359 2560 schola's
382 2502 510 2564 virorum
528 2501 778 2559 doctissimorum:
802 2499 839 2558 Ο.
859 2501 1035 2570 Hirschfeld,
1059 2502 1094 2560 E.
1112 2521 1138 2559 v.
1158 2501 1295 2573 Leutsch‚
1319 2501 1417 2572 Lotze,

162 2588 373 2674 W.·Mueller,
401 2603 530 2678 Sauppe,
555 2600 588 2660 C.
612 2601 814 2660 Wachsmuth.
859 2601 914 2659 Per
942 2620 1033 2659 unum
1056 2610 1195 2660 semestre
1217 2604 1419 2678 proseminarii

163 2715 193 2762 et
214 2723 267 2779 per
288 2707 344 2764 tria
367 2706 518 2764 semestria
547 2705 696 2762 seminarii
718 2703 886 2780 philologici
909 2703 1024 2768 interfui
1047 2704 1316 2774 exercitationibus,
1339 2701 1419 2780 quod

162 2806 258 2864 floruit
280 2808 334 2864 sub
357 2806 491 2880 auspiciis
518 2803 718 2881 professorum
740 2805 779 2862 ill.
802 2804 836 2862 E.
860 2823 885 2861 v.
908 2805 1043 2874 Leutsch‚
1065 2805 1192 2882 Sauppe,
1217 2805 1418 2863 Wachsmuth.

245 2906 361 2965 Deinde
378 2907 484 2984 Jenam
503 2924 556 2976 ‚me
577 2906 687 2964 contuli
709 2906 806 2981 ibique
824 2925 876 2981 per
898 2906 957 2964 duo
976 2909 1126 2965 semestria
1144 2906 1260 2966 scholas
1283 2906 1419 2982 frequen-

161 3009 220 3066 tavi
238 3010 365 3067 virorum
388 3009 623 3067 doctissimorum
637 3007 770 3077 Bursian,
790 3007 994 3086 Gaedechens,
1011 3008 1188 3085 Nipperdey,
1207 3007 1263 3065 Ad.
1279 3008 1418 3078 Schmidt,

164 3109 259 3168 Maur.
283 3109 422 3179 Schmidt,
446 3109 574 3167 Wittich.

247 3211 393 3271 Omnibus
420 3220 520 3270 autem
547 3212 603 3280 his,
637 3227 762 3285 quorum
790 3210 897 3270 scholis
928 3211 1057 3280 interfui,
1090 3212 1156 3270 viris
1185 3210 1360 3292 doctissimis
1388 3219 1418 3270 et

161 3331 276 3372 summe
298 3314 481 3384 venerandis,
504 3315 616 3389 gratias
640 3330 699 3386 ago
721 3331 823 3388 quam·
835 3294 1131 3392 possum'maximas.

246 3416 316 3498 Post
352 3416 413 3475 dies
446 3415 599 3492 paschales
636 3415 706 3471 anni
739 3412 1008 3472 MDCCCLXXIV
1038 3412 1169 3472 Gotham
1202 3432 1317 3494 reverso
1348 3413 1417 3472 mihi

161 3516 305 3576 Kalendis
324 3516 504 3576 Octobribus
522 3517 661 3592 adjutoris
681 3532 787 3574 munus
809 3515 839 3571 in
857 3516 1033 3575 bibliotheca
1057 3516 1154 3574 ducali
1173 3514 1314 3574 Gothana
1337 3516 1418 3574 dela·

160 3627 224 3676 turn
246 3627 299 3677 est.
