3268 5016
690 301 1012 392 ,ὑφῇΔ

164 488 318 564 opinatum
346 485 514 546 tumultum.
563 486 608 546 Cf.
645 487 737 548 Hand
770 488 857 548 Turs.
885 489 909 546 I.
937 508 965 564 p.
995 503 1060 565 107;
1094 488 1255 563 Naegelsb.
1282 489 1332 547 lat.
1360 489 1420 548 Stil.

163 611 194 666 p.
217 605 277 665 340
299 585 355 663 (ed.
378 583 450 665 IV.).
483 620 522 632 -
553 589 709 648 Adversus.
754 591 974 666 Ingratissimus
998 591 1136 650 adversus
1158 591 1262 649 merita
1286 589 1421 649 Caesaris

163 709 192 763 2,
221 691 273 767 69,
304 708 325 748 1.
380 689 425 750 Cf.
452 690 520 749 San.
553 691 590 749 de
621 693 688 750 ben.
719 707 749 768 5,
776 707 805 767 7,
832 711 860 768 3.
895 725 938 736 —
976 691 1063 750 Circa
1099 692 1180 769 apud
1211 693 1357 770 Vellejum
1392 701 1421 752 et

167 793 411 868 deindesaepius
434 793 514 868 apud
536 794 691 867 scriptores
713 810 776 867 arg.
799 800 889 852 aetat.
918 801 1075 869 usurpatur
1107 796 1130 869 1)
1152 794 1189 854 de
1216 802 1362 870 tempore,
1389 803 1421 853 ut

164 896 246 971 apud
268 894 383 952 Livium
406 902 435 952 et
457 902 575 970 poetas:
599 896 676 953 circa
698 896 778 971 quod
800 903 916 971 tempus
941 913 967 976 1,
986 895 1013 965 6,
1037 911 1067 970 5;
1091 895 1169 954 circa
1191 895 1265 954 haec
1287 904 1422 970 tempora

166 1016 192 1067 1,
218 1013 266 1066 10,
291 995 323 1066 6;
352 997 430 1055 circa
452 996 559 1055 eadem
581 1003 716 1073 tempora
739 1014 767 1067 2,
791 995 823 1067 8,
849 1013 881 1067 2;
909 999 987 1056 circa
1008 1004 1145 1072 tempora
1167 998 1374 1073 conjurationis
1397 1014 1421 1066 2,

164 1117 211 1175 93,
233 1073 264 1169 Ι1;
289 1099 366 1157 circa
390 1117 426 1157 ea
448 1107 585 1174 tempora
607 1115 631 1169 2,
651 1115 695 1174 92,
716 1117 739 1159 1.
783 1097 809 1174 2)
831 1099 991 1158 Rarissime
1013 1117 1065 1175 per
1087 1081 1190 1158 vocem
1212 1101 1289 1155 circa
1311 1099 1371 1157 vita
1394 1107 1423 1157 et

44 1272 46 1276 ¹
164 1208 249 1262 aetas
272 1200 399 1259 hominis
423 1200 544 1277 alicujus
567 1201 608 1259 ita
627 1201 827 1277 designantur,
851 1208 883 1259 ut
903 1202 993 1278 ipsius
1015 1219 1124 1260 nomen
1143 1217 1196 1277 pro
1214 1208 1347 1276 ternpore
1369 1218 1423 1275 po·

165 1312 260 1373 natur,
284 1302 363 1361 velut
383 1320 405 1373 1,
426 1318 465 1377 17,
486 1319 512 1360 1:
534 1303 564 1360 in
581 1303 662 1361 Attio
680 1304 817 1380 circaque
834 1322 903 1362 eum
920 1303 1058 1362 Romana
1075 1301 1230 1377 tragoedia
1247 1309 1293 1360 est
1309 1299 1422 1376 (Quint.

42 1471 44 1476 ,
167 1421 192 1475 2,
216 1421 243 1478 4,
267 1420 315 1477 41;
339 1420 364 1474 2,
389 1417 429 1478 17,
453 1418 482 1478 7;
507 1420 546 1474 12,
571 1420 616 1474 10,
640 1404 667 1463 6.
713 1403 758 1463 cf.
781 1404 874 1463 Hand
896 1405 982 1464 Turs.
1005 1404 1044 1462 II.
1067 1425 1097 1495 p.
1120 1400 1178 1480 65).
1222 1405 1249 1480 3)
1274 1403 1361 1462 Circa
1384 1403 1423 1462 ad

166 1505 409 1590 cognoscendum
427 1505 483 1565 loci
502 1505 655 1582 cujusdam
674 1506 761 1564 situm
780 1507 885 1565 dicitur
902 1524 955 1582 pro
973 1508 1015 1563 ad
1029 1507 1075 1565 vel
1093 1510 1215 1581 apudet
1232 1506 1423 1566 haecomnia
1466 1491 1469 1496 ¹

168 1626 223 1684 pro
245 1610 285 1665 in.
298 1653 311 1678 ,
326 1607 372 1688 Cf.
395 1607 519 1666 Walchii
542 1607 657 1666 emend.
681 1604 745 1666 Liv.
765 1628 794 1684 p.
817 1624 860 1684 25.
901 1607 1046 1685 Exempla
1069 1609 1223 1686 Vellejana
1246 1615 1314 1666 sunt
1336 1606 1422 1664 haec:

166 1711 245 1769 circa
267 1708 462 1768 Numantiam
489 1725 518 1779 2,
542 1727 574 1784 4,
598 1725 627 1780 23
655 1710 733 1769 circa
759 1711 925 1769 Fidentiam
951 1726 980 1779 2,
1004 1710 1054 1780 28,
1079 1727 1105 1781 1;
1133 1713 1211 1770 circa
1239 1709 1372 1768 Ciliciam
1397 1723 1421 1774 2,

168 1825 222 1886 32,
248 1827 281 1885 4;
306 1812 384 1870 circa
406 1809 534 1869 Thurios
558 1827 589 1881 2,
613 1807 665 1880 68,
689 1827 718 1880 2;
747 1811 825 1870 circa
847 1797 976 1870 Lesbunl
1001 1828 1027 1882 1,
1050 1829 1079 1882 2,
1103 1828 1120 1886 3
1142 1811 1296 1886 (hocloco
1318 1809 1425 1869 intelli·

166 1913 263 1988 gimus
287 1912 415 1970 Lesbum
439 1913 533 1987 ipsam
556 1921 585 1970 et
607 1914 810 1990 circumjectas
841 1913 973 1989 insulas);
1001 1915 1080 1972 circa
1102 1914 1242 1973 Picenum
1265 1931 1371 1988 agrum
1394 1928 1422 1981 2,

96 2092 98 2096 Ι
166 2030 207 2082 21,
228 2031 255 2082 1;
279 2015 357 2072 circa
375 2013 548 2089 multiplices
566 2012 678 2076 Piraeci
696 2022 797 2090 portus
817 2031 844 2083 2,
863 2029 907 2089 23,
926 2031 943 2088 3
966 2012 1013 2086 (11.
1032 2015 1094 2073 Liv.
1113 2032 1154 2090 31,
1174 2033 1200 2090 3,
1220 2011 1254 2090 5).
1286 2013 1315 2089 4)
1336 2013 1422 2072 Circa

165 2135 221 2194 pro
239 2115 378 2174 adverbio
397 2124 493 2174 exstat
510 2132 535 2185 2,
555 2115 597 2187 81,
613 2133 644 2191 3:
663 2117 806 2192 templum
825 2117 968 2193 Apollinis
986 2126 1016 2176 et
1034 2118 1111 2177 circa
1129 2119 1258 2194 porticus
1278 2117 1422 2176 facturum
1465 2182 1467 2186 ¹

167 2219 299 2296 promisit
321 2214 395 2294 (Or,
418 2219 490 2289 Liv,
514 2219 551 2277 cf.
570 2219 660 2278 Fabri
682 2220 720 2279 ad
738 2220 800 2278 Liv.
819 2237 859 2291 21,
879 2238 925 2295 43,
944 2215 983 2297 4).
1007 2250 1047 2261 -
1073 2219 1144 2278 Cum
1168 2228 1237 2278 ante
1259 2236 1422 2295 pronomen

167 2321 320 2379 relativum
338 2321 465 2396 positum
483 2328 528 2379 est
548 2336 631 2391 1,.12,
647 2321 678 2380 6:
697 2340 766 2380 curn
784 2339 857 2397 qua;
876 2338 901 2392 2,
916 2321 960 2396 85,
975 2338 1008 2394 4:
1031 2339 1098 2378 cum
1110 2330 1181 2397 quo.
1208 2320 1253 2379 cf.
1273 2320 1422 2379 Greefium
1494 2343 1499 2354 ·

168 2424 196 2480 in
219 2422 364 2496 Philolog.
388 2423 444 2481 vol.
466 2423 593 2482 XXXII.
617 2442 645 2498 p.
670 2437 716 2498 711
740 2441 803 2499 sqq.
837 2455 876 2465 —
909 2422 1000 2494 Queri
1023 2442 1084 2479 cum
1108 2422 1169 2481 deis
1192 2437 1221 2492 2,
1246 2437 1313 2495 130,
1337 2437 1367 2495 3,
1391 2429 1423 2478 ut

167 2523 224 2582 Ov.
252 2532 322 2583 met.
351 2540 398 2593 10,
423 2539 491 2598 724:
523 2533 687 2600 questaque
713 2542 782 2582 cum
809 2523 887 2583 fatis.
932 2523 978 2583 Cf.
1006 2522 1098 2582 Hand
1120 2523 1207 2582 Turs.
1235 2523 1275 2580 11.
1302 2542 1330 2598 p.
1356 2519 1420 2595 148;

167 2625 327 2701 Naegelsb.
349 2625 400 2684 lat.
419 2625 479 2684 Stil.
502 2645 531 2701 p.
550 2640 605 2700 747
626 2622 681 2699 (ed.
700 2623 771 2699 IV.).
796 2657 835 2667 -
859 2611 914 2682 Dr.
946 2625 993 2682 De
1015 2625 1157 2683 industria
1178 2627 1272 2683 rixam
1295 2625 1423 2701 injiciens

170 2745 191 2796 1,
214 2745 239 2799 2,
265 2745 287 2786 1.
323 2727 368 2786 Cf.
392 2726 483 2786 Hand
501 2727 588 2786 Turs.
612 2727 651 2788 11.
674 2746 703 2802 p.
722 2743 782 2801 219.
806 2757 845 2768 -
869 2726 981 2798 Extra.
1009 2725 1113 2783 Extra
1136 2715 1291 2785 dilationes
1314 2725 1423 2800 positus

167 2846 193 2899 2,
212 2844 257 2906 79,
278 2847 300 2887 1.
325 2865 365 2878 —
387 2830 426 2888 In
445 2848 470 2887 c.
489 2847 552 2889 acc.
571 2828 717 2888 interdurn
740 2828 898 2886 terminum
920 2827 1074 2901 significat,
1097 2828 1242 2905 adquam
1261 2845 1307 2886 res
1325 2827 1424 2902 aliqua

169 2932 347 3009 producitur,
371 2931 451 3007 quod
470 2929 648 2990 Germanice
671 2930 771 2990 dicunt
794 2931 848 3002 ,bis
870 2933 923 3000 zu‘,
948 2929 1027 2988 velut
1044 2930 1184 2989 dimicare
1201 2931 1231 2988 in
1250 2938 1375 2988 mortem
1399 2944 1423 2998 2,
1458 2987 1460 2992 .

168 3033 260 3108 854.
298 3032 343 3093 Cf.
362 3032 435 3092 Tac.
453 3051 523 3091 ann.
546 3049 573 3106 4,
593 3049 642 3108 45:
665 3033 699 3090 L.
718 3032 856 3090 Pisonem
878 3030 1000 3096 adortus
1023 3049 1082 3089 uno
1105 3033 1224 3090 vulnere
1246 3031 1275 3088 in
1298 3039 1424 3089 mortem

171 3137 290 3207 adfecit;
317 3153 358 3208 14,
382 3135 412 3193 8:
435 3135 503 3195 susti
526 3143 615 3211 caput
637 3136 699 3210 ejus
722 3133 833 3191 adflixit
856 3133 886 3190 in
909 3142 1046 3192 mortem.
1090 3131 1136 3191 Cf.
1159 3131 1252 3190 Hand
1274 3131 1360 3190 Turs.
1384 3132 1424 3190 11.

170 3256 199 3312 p.
223 3237 286 3312 316.
330 3236 368 3295 In
390 3238 508 3296 finalem
531 3235 763 3314 quandamvim
785 3235 875 3292 habet
899 3233 929 3291 in
947 3234 1156 3304 locutionibus,
1185 3241 1364 3310 quaesunt:
1395 3234 1425 3291 in

75 3392 78 3396 .
170 3339 227 3396 hoc
249 3354 274 3407 2,
298 3355 341 3411 41,
364 3355 381 3413 3
405 3336 477 3416 (Liv.
500 3354 543 3413 23,
568 3353 595 3406 2,
619 3353 651 3412 9;
674 3336 747 3394 Plin.
770 3353 817 3410 ep.
843 3331 987 3411 1,17,2);
1012 3336 1041 3392 in
1064 3336 1093 3393 id
1115 3337 1211 3410 ipsum
1230 3339 1257 3405 2,
1277 3347 1319 3410 27,
1338 3349 1371 3407 4;
1394 3335 1424 3392 in

169 3439 226 3498 hoc
253 3439 348 3498 solum
375 3456 403 3509 2,
429 3456 490 3513 114,
513 3456 538 3497 2.
582 3438 628 3498 Cf.
656 3436 748 3496 Hand
771 3435 858 3495 Turs.
882 3437 937 3494 III.
962 3456 990 3512 p.
1014 3453 1080 3510 320.
1124 3436 1281 3496 Praeterea
1308 3436 1425 3511 dignae,

169 3559 248 3618 quae
271 3549 550 3612 commemorentur,
574 3541 736 3599 locutiones
759 3546 840 3597 sunt:
874 3539 903 3596 in
926 3539 1054 3614 gratiam
1076 3525 1147 3617 alcjs
1172 3555 1203 3608 2,
1229 3555 1276 3611 41,
1300 3554 1315 3596 2
1322 3555 1330 3608 ;
1352 3537 1424 3596 fides

169 3643 199 3700 in
222 3642 382 3702 Caesarem
404 3659 434 3713 2,
458 3657 507 3717 54,
533 3659 558 3712 1;
582 3645 750 3700 intantum
775 3657 801 3709 1,
828 3655 874 3713 13,
897 3655 926 3715 53
950 3641 1132 3711 intantum,
1156 3649 1188 3699 ut
1212 3657 1243 3710 2,
1267 3656 1320 3715 30,
1344 3638 1376 3709 6;
1400 3657 1426 3708 2,

168 3761 272 3820 53,3;
296 3746 494 3805 intantum.
518 3745 803 3818 ...inquantum
833 3758 858 3811 1,
883 3759 915 3817 9,
938 3757 970 3815 3;
994 3757 1022 3812 2,
1046 3759 1098 3816 43,
1121 3759 1153 3815 4;
1182 3743 1378 3819 inquantum
1401 3756 1426 3810 2,

172 3862 232 3916 120,
258 3849 289 3917 1;'
307 3847 337 3904 in
360 3855 584 3923 quantum...
605 3889 610 3904 .
634 3846 664 3903 in
687 3852 803 3902 tantum
825 3859 850 3912 2,
876 3859 934 3915 114,
957 3857 983 3916 5.
1008 3874 1047 3884 -
1071 3843 1232 3921 perducere
1254 3844 1283 3901 in
1305 3843 1370 3913 hoc,
1393 3849 1425 3899 ut

170 3964 195 4017 2,
215 3948 262 4023 96,
286 3967 296 4006 1
320 3946 489 4025 (perducere
513 3951 578 4018 huc,
602 3957 634 4007 ut
656 3964 723 4016 2,1‚
746 3944 780 4020 5).
804 3976 845 3988 -
867 3945 905 4003 In
928 3953 1071 4021 sequente
1094 3946 1183 4005 ablat.
1226 3944 1265 4001 In
1287 3961 1342 4018 pro
1363 3962 1426 3999 cum

172 4065 196 4119 2,
220 4049 264 4124 87,
290 4067 315 4108 1:
339 4051 368 4109 in
390 4069 491 4110 morsu
513 4052 575 4128 ejus
597 4047 723 4130 (aspidis)
745 4047 876 4122 spiritum
898 4045 1031 4106 reddidit.
1077 4047 1122 4106 Cf.
1146 4045 1237 4104 Hand
1259 4045 1347 4103 Turs.
1371 4043 1425 4101 III.

170 4171 199 4228 p.
219 4149 283 4226 263.
303 4179 343 4194 -
362 4151 482 4211 Venalis
502 4155 532 4210 r'n
551 4152 652 4210 omnia
671 4157 701 4208 et
720 4151 750 4206 in
769 4149 906 4206 omnibus
924 4165 948 4218 2,
969 4147 1013 4222 83,
1029 4163 1053 4219 2,
1072 4165 1173 4206 rarum
1190 4146 1305 4204 dicendi
1323 4162 1436 4219 genus,-

170 4254 290 4330 dequo
313 4254 446 4312 conferas
469 4253 551 4313 Kritz
573 4252 612 4311 ad
635 4251 710 4310 Veli.
734 4267 763 4319 2,
787 4248 838 4323 83,
862 4265 887 4308 2.
920 4276 960 4320 e-
993 4249 1147 4326 Multiplex
1175 4247 1379 4306 invirtutibus
1402 4261 1426 4314 2,

172 4371 236 4431 105,
263 4371 289 4414 2.
324 4386 364 4398 -
396 4354 502 4431 Eloqui
530 4357 560 4414 in
586 4354 717 4431 partibus
740 4367 769 4418 2,
795 4349 858 4420 126,
884 4367 895 4407 1
920 4349 1022 4428 (Hand
1044 4349 1131 4408 Turs.
1154 4348 1209 4407 111.
1232 4368 1261 4424 p.
1285 4346 1353 4423 277).
1386 4377 1426 4389 -

169 4456 273 4534 Infra.
296 4455 334 4515 Se
357 4456 453 4514 metiri
475 4457 563 4533 infra
586 4457 656 4532 alqd
679 4471 703 4525 2,
726 4468 782 4529 127,
801 4470 830 4526 4.
854 4483 894 4496 -
917 4452 1013 4530 Infra
1037 4469 1069 4510 se
1091 4450 1172 4528 alqm
1195 4451 1292 4510 videre
1310 4469 1364 4527 pro
1382 4467 1427 4518 eo,
