3268 5016
711 331 911 384 ...μ-

187 507 280 564 semet
305 503 370 579 ipsa
395 504 435 562 ab
460 503 525 564 aliis
552 511 762 582 separaverunt
786 499 858 582 (siv.
888 517 915 572 1,
940 517 983 577 15,
1006 517 1022 578 7
1050 519 1128 560 nunc
1155 499 1282 560 editores
1309 497 1441 575 profecto

186 623 239 681 pro
264 604 396 681 proiectu
418 604 603 681 scripserunt,
626 603 700 675 Col,
723 605 790 672 Sen.
812 622 868 680 ep,
890 602 1001 676 Quint,
1024 602 1098 661 Plin.
1118 617 1176 679 ¹ep,
1199 599 1295 677 Suet).
1432 675 1436 678 V

271 707 397 779 Pythius
413 725 473 782 ‘pro
495 705 678 766 substantivo
700 724 754 782 pro
776 721 822 776 eo,
845 704 926 782 quod
948 713 993 764 est
1015 703 1095 781 apud
1112 703 1299 763 Ciceronem:
1322 701 1440 780 Pythius

186 808 292 884 Apollo
315 809 361 880 vel
379 814 470 892 vates,
492 807 572 884 apud
590 807 685 869 solum
704 804 850 884 Vellejum
868 806 981 866 videtur
1002 812 1119 866 exstare
1139 823 1161 877 1,
1178 821 1204 876 2,
1226 821 1252 864 1:
1274 803 1442 880 respondis·

150 968 156 974 .
186 918 289 986 setque
311 909 439 986 Pythius.
592 955 594 958 .
1094 971 1097 976 ,
1354 975 1360 982 ,

273 1009 404 1087 Scalptor
427 1010 531 1088 dicitur
552 1011 586 1080 is,
609 1010 660 1087 qui
677 1028 826 1070 marmora
843 1012 946 1086 scalpit
967 1008 994 1088 (a
1016 1011 1105 1070 verbo
1123 1009 1275 1084 scapendt
1299 1005 1379 1084 quod
1400 997 1442 1066 less

185 1110 264 1188 gitur
285 1129 347 1171 uno
372 1110 439 1171 loco
466 1113 546 1189 apud
568 1111 629 1173 Cic.
652 1111 690 1172 de
712 1120 773 1171 nat.
794 1111 925 1181 deone,
944 1125 1009 1186 50,
1024 1111 1085 1187 150)
1110 1128 1134 1182 r,
1159 1125 1203 1186 17,
1226 1127 1261 1184 4:
1284 1108 1442 1184 hoc-idem

185 1213 316 1272 evenisse
338 1213 555 1288 grammaticis,
578 1195 687 1290 plastis,
709 1213 882 1289 pictoribus,
905 1209 1099 1289 scalptoribus
1122 1211 1253 1289 quisquis
1273 1220 1442 1288 ⁴temporum

185 1314 319 1374 institerit
341 1313 418 1374 notis
439 1316 564 1391 reperiet
583 1315 667 1390 (Ptin.
688 1315 757 1392 maj.
780 1322 810 1374 et
832 1312 921 1388 min).
956 1315 1029 1374 Hoc
1046 1314 1224 1374 vocabulum
1244 1312 1307 1391 jam
1328 1319 1442 1388 tempo·
1477 1375 1483 1380 ,

185 1416 273 1486 ribus,
296 1434 373 1493 quae
395 1424 463 1475 sunt
484 1425 554 1476 ante
574 1417 728 1494 Vellejum,
748 1433 804 1476 usu
826 1418 926 1478 tritum
945 1416 1042 1488 luisse,
1066 1431 1249 1493 quamquam
1271 1413 1346 1474 forte
1368 1432 1441 1490 qua-

185 1515 256 1577 dam
278 1536 338 1577 non
357 1524 456 1578 exstat
478 1518 509 1577 in
531 1519 652 1598 scriptis
675 1537 753 1594 quae
771 1517 810 1578 ad
832 1527 964 1580 nostram
986 1527 1115 1578 aetatem
1137 1519 1371 1594 permanserunt,
1394 1533 1442 1573 su·

185 1620 359 1697 spicandum
382 1628 435 1680 est.
655 1615 659 1621 ’

275 1725 486 1782 Transcursus.
515 1722 645 1800 Vellejus
658 1721 768 1799 primus
783 1722 952 1799 frequenter
966 1724 1022 1782 hac
1036 1740 1107 1784 voce
1115 1703 1210 1781 ¹utitur
1223 1719 1262 1780 ad
1276 1718 1443 1794 significan·

185 1823 255 1884 dam
273 1823 408 1884 dictionis
431 1841 502 1882 suae
524 1823 705 1894 brevitatem,
729 1828 803 1894 uta,
822 1822 870 1893 86,
896 1839 922 1882 1:
945 1825 1010 1900 quis
1032 1826 1062 1881 in
1084 1823 1141 1881 hoe
1162 1830 1330 1882 transcursu
1353 1819 1440 1877 artati

185 1924 282 2002 operis
313 1926 478 2000 exprimere
509 1921 636 1984 audeat?
667 1941 697 1995 2,
712 1939 773 2000 ¹55,
803 1939 828 1982 r:
855 1933 981 2001 quanto,
994 1924 1096 1984 omnia
1121 1932 1290 1982 transcursu
1316 1922 1442 1982 dicenda

184 2037 266 2097 sunt;
289 2043 315 2096 2,
339 2043 387 2102 99,
410 2042 444 2098 4:
470 2026 542 2085 illud
564 2027 655 2086 etiam
677 2027 708 2085 in
734 2028 790 2088 hoe
816 2035 986 2086 transcursu
1008 2025 1167 2086 dicendum
1189 2032 1233 2083 est
1255 2019 1339 2102 (Plin.
1362 2022 1397 2081 h,
1415 2040 1442 2080 n.

186 2144 213 2203 3,
236 2141 253 2203 5
276 2125 327 2204 (ὁ),
349 2143 401 2202 39;
427 2127 473 2197 18,
497 2145 526 2203 13
548 2123 620 2204 (34),
649 2126 717 2206 126).
762 2129 819 2187 Pro
845 2130 1061 2190 transcursione
1088 2133 1245 2205 usurpatur
1271 2124 1351 2202 apud
1376 2123 1442 2182 Seri.

184 2238 297 2307 quaest.
321 2236 382 2288 nat.
404 2245 429 2298 2,
453 2243 478 2302 7,
503 2245 528 2298 1;
551 2230 628 2291 Suet
651 2231 729 2305 Aug.
752 2245 803 2306 9ο.
823 2261 863 2274 ·-
961 2287 964 2290 .

270 2330 326 2390 His
347 2332 468 2390 vocibus
490 2333 579 2392 etiam
598 2333 761 2408 superiores
779 2333 943 2408 scriptores,
962 2332 1015 2392 sed
1034 2331 1097 2390 aliis
1114 2329 1374 2406 significationibus
1398 2330 1441 2388 usi

186 2439 266 2491 sunt:

192 2546 196 2550 ·
271 2533 359 2590 Actus
381 2533 460 2608 apud
486 2541 600 2592 veteres
626 2533 783 2609 scriptores
810 2534 983 2610 plerumque
1011 2541 1167 2609 usurpatur
1192 2533 1223 2590 in
1248 2532 1444 2592 locutionibus

187 2651 318 2706 ascena
339 2634 444 2709 petitis,
466 2635 518 2694 sed
541 2633 620 2710 apud
638 2642 808 2708 argenteae,
831 2652 909 2710 quae
931 2642 1061 2705 vocatur,
1083 2635 1189 2694 aetatis
1211 2634 1367 2710 scriptores
1389 2652 1442 2709 po·

187 2733 263 2793 nitur
286 2735 323 2793 de
346 2735 481 2815 omnibus
509 2735 571 2796 iere
596 2737 731 2810 negotiis.
775 2737 822 2796 Sic
850 2754 911 2794 uno
937 2737 1005 2796 loco
1032 2737 1113 2813 apud
1135 2735 1280 2814 Vellejum
1308 2735 1443 2795 absolute

187 2833 282 2896 exstat
299 2852 325 2908 2,
350 2853 406 2914 127,
429 2855 461 2910 4:
489 2837 625 2898 Tiberius
648 2827 762 2898 Caesar
783 2838 924 2915 Seianum
947 2838 1065 2898 Aelium
1083 2839 1271 2913 ⁴singularem
1298 2838 1442 2915 principa-

184 2937 255 2996 lium
277 2957 400 3015 operum
422 2941 588 3017 adjutorem
609 2941 640 3000 in
657 2941 759 3000 omnia
780 2941 878 3011 babet,
901 2941 995 3000 virum
1012 2935 1378 3010 severitatis‘laetissimae,
1401 2940 1443 2997 hi·

186 3040 308 3100 laritatis
329 3041 456 3116 priscae,
484 3050 552 3100 actu
575 3043 674 3101 otiosis
695 3042 874 3102 simillimum
896 3041 973 3119 (Sen.
996 3041 1079 3119 phil,
1108 3041 1223 3114 Quint,
1252 3040 1341 3110 Tac,
1369 3028 1456 3098 Ptin(

186 3159 240 3217 ep,
264 3141 358 3212 Suet;
382 3141 443 3200 Cic.
467 3142 504 3200 de
526 3142 606 3216 legg.
629 3160 651 3211 r,
676 3159 712 3213 rr,
737 3161 769 3217 3ῐ
793 3162 873 3220 nunc
894 3144 1002 3219 legitur
1023 3161 1077 3220 pro
1099 3143 1195 3218 pravis
1217 3143 1344 3201 actibus:
1367 3160 1443 3217 ‚pra-

189 3239 353 3318 vitatibus').
387 3243 493 3321 ‚Hujus
516 3244 595 3303 vocis
618 3244 768 3303 notionem
790 3263 841 3321 per
864 3245 943 3306 bunc
964 3245 1120 3304 verborum
1142 3245 1286 3305 ambitum
1309 3244 1443 3320 exprimit

187 3345 309 3418 scriptor
331 3354 430 3406 noster
453 3360 482 3417 2,
505 3343 556 3421 98,
580 3361 611 3418 3:
638 3346 688 3421 qui
709 3364 787 3422 quae
809 3346 928 3422 agenda
950 3355 1019 3406 sunt
1044 3354 1126 3405 curet
1148 3347 1211 3406 sine
1233 3346 1293 3406 ulla
1315 3354 1443 3406 ostenta·

187 3443 268 3502 tione
290 3448 407 3520 agendi.
431 3426 435 3430 ’
1356 3496 1358 3500 ,

271 3545 431 3621 Amplexus
453 3547 662 3624 praeeuntibus
685 3549 779 3624 poetis
797 3548 871 3626 (On,
895 3548 996 3626 Verg.)
1018 3549 1184 3626 frequenter
1207 3551 1311 3618 dicitur
1333 3551 1371 3609 de
1392 3551 1445 3610 ho·

185 3645 314 3706 minibus
332 3655 362 3717 et
383 3657 428 3708 est
449 3652 558 3710 amoris
580 3657 610 3709 et
632 3650 854 3710 benevolentiae
876 3651 1061 3726 significatio,
1082 3659 1114 3710 ut
1132 3668 1157 3720 2,
1182 3669 1240 3726 123,
1263 3670 1294 3728 3:
1317 3662 1380 3712 tum
1398 3671 1444 3712 se·

186 3766 288 3806 curum
320 3767 352 3809 se
378 3750 529 3824 Augustus
560 3751 735 3827 praedicans
766 3751 1020 3829 circumfususque
1055 3753 1239 3831 amplexibus
1266 3753 1368 3812 Tiberi
1400 3755 1444 3812 sui

186 3850 317 3908 animam
344 3852 428 3910 caelo
458 3850 583 3910 reddidit
609 3851 732 3930 (Quint,
761 3853 850 3924 Tac,
878 3854 970 3924 Suet,
999 3854 1100 3914 Veler.
1126 3854 1269 3930 Flaccus).
1319 3855 1386 3938 Cic..
1407 3856 1444 3913 de

185 3948 271 4008 divin.
301 3969 326 4024 1,
350 3952 402 4027 36,
431 3968 467 4028 79
490 3952 547 4010 hoc
575 3955 720 4014 vocabulo
746 3954 784 4014 de
809 3962 947 4030 serpente
973 3957 1063 4015 utitur
1090 3955 1240 4034 (serpentis
1268 3955 1440 4032 amplexus);

184 4069 237 4128 per
268 4053 487 4112 similitudinem
518 4055 607 4113 etiam
635 4075 655 4114 a
680 4055 762 4114 Livio
793 4066 953 4133 usurpatur
979 4057 1029 4132 36,
1062 4073 1105 4134 17,
1135 4072 1177 4133 15:
1212 4057 1262 4134 qui
1288 4055 1444 4132 (Oceanus)

184 4153 287 4211 orbem
310 4161 455 4213 terrarum
477 4156 616 4231 amplexu
638 4158 701 4217 finit
721 4156 826 4230 (Lucr,
849 4157 923 4216 Plin.
946 4157 1033 4237 mai).

270 4256 403 4314 Animus.
436 4255 574 4316 'Antinum
593 4246 697 4317 haberi
718 4275 786 4336 pro:
808 4263 839 4318 in
862 4263 958 4318 antino
981 4261 1093 4337 habere,
1115 4264 1146 4319 in
1164 4263 1291 4320 auritum
1314 4263 1446 4320 reducere

186 4365 280 4417 exstat
298 4373 323 4427 2,
343 4374 371 4430 4,
391 4375 422 4432 4:
445 4359 604 4434 respondit,
628 4360 651 4418 si
671 4360 695 4419 is
717 4360 912 4437 occupandae
930 4362 1108 4437 reipublicae
1131 4363 1263 4421 animum
1284 4361 1443 4430 habuisset,
1551 4354 1553 4359 ’

184 4459 248 4535 jure
259 4477 434 4520 caesum—
444 4458 532 4518 Haec
545 4459 671 4521 elocutio
687 4462 766 4537 apud
776 4463 889 4521 nullum
900 4462 988 4520 alium
1004 4463 1176 4538 scriptorem
1190 4462 1310 4522 inveniri
1325 4462 1443 4521 videtur.
