3268 5016
647 284 849 346 -n-

124 476 212 537 quam
244 457 323 532 apud
349 454 495 532 quosdam
518 455 683 530 ambigitur,
715 457 853 516 Puteolos
884 456 963 516 missi
986 456 1082 516 coloni
1113 455 1183 532 (Cic.
1215 457 1251 516 de
1278 475 1319 516 or.
1346 473 1371 528 2,

125 576 168 634 24,
193 575 260 633 104:
283 557 353 617 nihil
376 557 454 616 enim
477 566 529 628 est,
552 558 632 634 quod
655 559 729 617 inter
750 559 883 618 homines
906 558 1091 634 ambigitur).

207 663 361 721 Assentari
384 659 464 736 apud
490 659 616 736 optimos
643 661 797 737 scriptores
824 679 940 738 semper
965 662 1007 721 ita
1035 668 1203 737 usurpatur,
1235 668 1267 720 ut
1293 661 1375 720 notio

126 762 290 822 blandiendi
315 762 395 839 insit3
421 760 502 839 apud
525 761 670 840 Vellejum
695 764 725 822 in
752 764 863 823 bonam
889 771 1004 841 partem
1030 782 1084 840 pro
1110 765 1248 822 assentiri
1272 763 1375 822 dicitur

123 867 229 940 pariter
251 872 340 941 atque
362 867 513 923 assentatio
536 882 590 941 pro
613 867 772 924 assensione
794 882 819 936 2,
843 865 901 936 128,
926 881 942 942 3
964 863 1030 942 (vid.
1049 883 1138 943 supra
1156 884 1184 942 p.
1207 868 1261 942 12).
1297 865 1373 924 Vell.

123 982 148 1035 2,
170 966 217 1040 48,
243 983 268 1025 1:
291 967 333 1036 iis,
352 967 401 1042 qui
424 982 442 1024 a
465 965 594 1025 Caesare
616 966 803 1034 dimittendos
826 969 969 1028 exercitus
991 967 1218 1037 contendebant,
1241 977 1374 1028 assenta·

125 1070 209 1128 batur
226 1070 382 1147 Pompejus
400 1065 503 1140 (Plaut.
524 1068 613 1128 Most.
641 1086 665 1140 1,
688 1086 715 1144 3,
738 1086 778 1146 9ο
801 1067 889 1147 (246);
917 1069 1019 1144 Quint.
1043 1085 1081 1140 11,
1104 1085 1130 1144 3,
1155 1085 1219 1140 1023
1243 1069 1373 1128 Frontin.

122 1188 149 1246 s,
172 1187 198 1246 s,
222 1169 259 1245 4l·
362 1260 363 1266 Ν
584 1237 590 1250 .

208 1275 343 1332 Asserere
360 1291 413 1350 pro
436 1291 471 1332 eo
493 1273 605 1343 dicitur,
628 1274 708 1350 quod
726 1282 770 1334 est
792 1277 939 1334 uindicare
956 1289 980 1344 2,
1005 1273 1055 1346 60,
1080 1291 1105 1333 1:
1129 1274 1182 1334 sed
1203 1274 1374 1334 asserebant

122 1375 263 1434 salutaria
285 1376 326 1436 rei
348 1375 483 1451 publicae
505 1383 707 1452 terrarumque
730 1376 808 1436 orbis
836 1376 897 1436 lata
919 1376 1101 1436 conditorem
1123 1384 1372 1434 conservatorem·

127 1495 184 1552 que
207 1477 333 1536 Romani
356 1477 482 1536 nominis
502 1473 598 1551 (Ovid.
620 1487 689 1537 met.
714 1494 735 1549 1,
758 1477 815 1553 462
833 1487 863 1538 et
880 1477 952 1553 760;
976 1478 1042 1538 Val.
1061 1477 1141 1538 Max.
1158 1495 1186 1552 4,
1205 1493 1232 1551 4,
1252 1493 1281 1551 4:
1304 1477 1371 1538 Seu.

72 1586 74 1592 '
122 1579 200 1654 phil,
224 1579 296 1639 Plin.
320 1580 422 1650 ambo,
446 1577 536 1648 Curt,
560 1577 671 1650 Quint,
694 1575 793 1658 Suet).
812 1611 852 1624 -
870 1581 959 1656 Apud
976 1581 1102 1658 optimos
1119 1581 1274 1658 scriptores
1291 1597 1372 1639 asse·

122 1698 183 1740 rere
201 1681 378 1740 vocabulum
400 1687 444 1740 est
466 1682 495 1739 in
515 1682 580 1758 jure
597 1681 729 1740 solemne
750 1689 780 1741 et
798 1682 903 1741 dicitur
923 1682 960 1742 de
977 1683 1020 1755 iis,
1039 1683 1089 1758 qui
1111 1682 1239 1758 aliquem
1257 1700 1293 1741 ex
1312 1699 1371 1742 ser·

119 1763 209 1843 vitute
236 1785 265 1842 iu
286 1783 450 1842 libertatem
477 1782 637 1853 vindicant,
659 1801 718 1860 qua
744 1784 773 1842 in
800 1802 831 1842 re
856 1783 896 1842 illi
918 1801 1010 1843 manu
1036 1784 1124 1860 capiti
1150 1785 1180 1842 iu
1206 1783 1370 1844 libertatem

121 1883 288 1942 vindicandi
309 1885 445 1960 imposita
462 1902 530 1943 eum
553 1885 677 1944 liberum
699 1901 763 1943 esse
786 1885 913 1963 ajebarrt.
993 1952 998 1974 ι
1170 1961 1173 1968 .
1286 1887 1289 1890 ’

208 1987 344 2044 Astruere
362 1988 475 2063 proprie
493 1988 636 2070 significat
651 1988 733 2065 juxta
751 1995 802 2045 aut
820 2005 906 2064 super
924 1987 994 2064 alqd
1013 1986 1166 2046 aedificare
1183 1984 1370 2064 (Germanice

119 2087 334 2159 ,daranbauem
358 2089 614 2166 daruberbaueu‘),
637 2098 669 2148 ut
691 2088 777 2148 Caes.
800 2089 829 2146 b.
852 2107 876 2147 c.
898 2105 923 2159 2,
943 2104 970 2164 9,
995 2105 1022 2147 2:
1048 2087 1125 2147 hanc
1142 2089 1260 2164 iusuper
1277 2089 1371 2147 conti-

123 2189 308 2264 gnationem,
336 2199 478 2268 quantum
501 2198 610 2250 tectum
632 2191 722 2267 plutei
745 2208 781 2250 ac
807 2191 958 2251 vinearum
979 2208 1100 2268 passum
1122 2199 1193 2261 erat,
1219 2190 1371 2250 latericulo

118 2299 318 2362 astruxerunt;
342 2293 483 2353 translate
505 2312 523 2351 a
547 2293 660 2370 Vellejo
683 2293 777 2369 primo
804 2279 954 2362 intersol.
978 2301 1050 2351 orat.
1074 2293 1227 2369 scriptores
1253 2287 1370 2369 ponitur

119 2412 172 2470 pro
190 2396 323 2472 adjicere,
344 2396 506 2466 attribuere,
530 2397 633 2453 addere
656 2411 677 2465 r,
703 2408 742 2470 17,
765 2410 794 2453 2:
816 2403 848 2454 ut
865 2394 979 2452 Livium
997 2413 1113 2472 quoque
1136 2395 1265 2469 priorum
1280 2395 1370 2453 aetati

118 2504 246 2567 astruas;
278 2513 303 2567 2,
330 2511 374 2572 55,
400 2513 429 2576 a:
462 2515 532 2556 nam
557 2498 649 2556 victus
677 2496 715 2554 ab
743 2514 779 2556 eo
807 2497 973 2556 Pharnaces
1001 2497 1047 2555 vix
1073 2496 1231 2572 quicquam
1256 2495 1369 2570 gloriae

119 2598 184 2674 ejus
206 2601 327 2658 astruxit
348 2597 412 2673 (ov.
436 2608 490 2657 art.
512 2617 570 2657 am.
592 2615 616 2669 2,
643 2614 703 2674 1193
726 2597 800 2674 Plin.
823 2599 926 2669 ambo,
953 2598 1021 2657 Seu.
1043 2597 1122 2674 phil,
1145 2596 1254 2670 Quint,
1278 2596 1369 2672 Tac).

205 2700 362 2776 Auspicari
385 2701 465 2777 apud
492 2699 603 2760 veteres
630 2702 786 2779 scriptores
812 2702 958 2776 significat
984 2702 1114 2778 auspicia
1140 2699 1261 2771 habere,
1285 2699 1368 2776 ,apud

121 2800 265 2881 Vellejum
292 2813 448 2880 usurpatur
470 2804 576 2862 eadem
603 2803 642 2874 vi,
671 2822 730 2880 qua
753 2806 886 2879 incipere,
918 2806 1030 2862 riiitr‘u'm
1049 2805 1168 2883 facere,
1200 2805 1320 2880 ingredi
1342 2817 1367 2872 2,

120 2920 181 2972 101,
204 2921 235 2979 3:
264 2923 352 2982 quem
376 2905 495 2964 militiae
521 2905 646 2980 gradum
673 2907 841 2983 auspicatus
863 2906 892 2963 in
915 2906 1055 2982 Thracia,
1082 2907 1108 2965 vi
1130 2907 1246 2983 passiva
1273 2913 1368 2966 exstat

116 3023 144 3077 2,
167 3021 212 3083 79,
235 3023 266 3065 2:
290 3008 446 3083 auspicatis
469 3008 509 3064 rei
531 3007 666 3083 publicae
688 3007 833 3066 ominibus
860 3004 936 3080 (Val.
962 3007 1056 3078 Max„
1079 3007 1151 3077 Col,
1175 3007 1248 3067 Plin.
1271 3006 1370 3076 ambo,

120 3107 202 3179 Tac,
224 3109 313 3180 Suet,
337 3107 427 3186 Just).
492 3103 494 3108 ’

209 3209 319 3288 ΟοΙΙίμ·
332 3220 429 3288 potest
447 3221 586 3287 sequente
608 3213 685 3286 quod
706 3228 727 3281 1,
751 3227 778 3286 9,
802 3211 833 3270 6:
861 3209 918 3269 hoc
939 3210 1037 3285 colligi
1059 3218 1164 3286 potest,
1188 3210 1268 3288 quod
1290 3209 1370 3270 luere

115 3308 205 3387 (adde
226 3314 308 3372 lexic.
322 3311 439 3388 Latin.);
462 3318 602 3390 sequente
624 3329 721 3372 aecus.
744 3331 812 3371 cum
835 3313 912 3372 infin.
931 3328 955 3383 2,
974 3326 999 3388 7,
1022 3327 1052 3388 5:
1073 3312 1154 3389 quod
1173 3314 1234 3391 jam
1256 3312 1369 3372 nullum

113 3432 183 3474 esse
206 3417 299 3492 spatio
327 3431 471 3476 annorum
493 3415 591 3490 colligi
617 3422 727 3491 potest;
755 3423 896 3490 sequente
918 3415 1049 3474 oratioue
1071 3415 1195 3492 obliqua
1221 3431 1246 3485 2,
1269 3413 1316 3485 86,
1339 3431 1369 3472 2:

112 3535 152 3576 ex
179 3535 239 3594 qua
266 3517 385 3578 lenitate
412 3517 493 3578 ducis
521 3517 618 3592 colligi
649 3523 758 3593 potest,
790 3535 879 3593 quem
906 3516 1101 3576 triumviratus
1128 3516 1256 3576 facturus
1285 3517 1368 3575 luerit

112 3620 238 3678 modum
257 3619 347 3696 (ciel.
1200 3683 1203 3688 ,

204 3719 382 3798 Contingere.
426 3721 494 3780 Sors
516 3719 702 3796 Tyrrhenum
724 3721 847 3795 contigit
871 3738 896 3791 1,
922 3737 947 3790 1,
971 3739 1000 3796 4.
1027 3721 1230 3791 ,Rarissimam
1253 3720 1368 3779 dicendi

73 3853 75 3858 v
113 3841 223 3898 genus,
247 3832 279 3882 ut
301 3824 380 3901 apud
401 3823 521 3900 Septim.
545 3821 581 3880 de
604 3823 681 3882 bello
703 3822 834 3899 Trojano
857 3838 882 3898 5,
910 3839 957 3898 13:
985 3831 1017 3883 ut
1043 3840 1189 3901 quemque
1212 3839 1274 3882 sors
1297 3839 1368 3880 con·

112 3927 240 4000 tigerat‘
280 3926 480 3985 Ruhnkenius.
521 3923 606 3984 Adde
633 3923 704 3982 Plin.
727 3924 754 3981 h.
777 3943 805 3983 n.
830 3923 869 3996 18,
894 3941 921 3983 11
945 3923 1012 4002 (29),
1037 3941 1105 4001 109:
1128 3925 1227 4002 palma
1247 3924 1365 3998 frugum

111 4027 280 4088 indubitata
302 4029 418 4088 Italiam
440 4027 571 4103 contigit.

201 4129 366 4202 Destruere,
389 4130 469 4207 quod
490 4131 608 4206 proprie
631 4129 734 4189 dicitur
756 4130 793 4188 de
816 4128 964 4199 aedificiis,
988 4129 1092 4188 deinde
1112 4128 1148 4188 de
1167 4129 1229 4187 aliis
1248 4127 1366 4204 quibus·

110 4231 185 4290 libet
207 4234 302 4302 rebus,
323 4235 384 4311 jam
406 4232 474 4292 inde
496 4250 515 4290 a
537 4231 651 4308 Vellejo
669 4232 738 4307 poni
761 4239 899 4308 coeptum
921 4240 966 4291 est
984 4230 1020 4290 de
1037 4230 1202 4290 hominibus
1218 4245 1244 4300 2,
1263 4229 1311 4302 48,
1335 4245 1366 4288 2:

111 4333 256 4393 defuisset
280 4335 413 4393 fortunae
435 4333 601 4394 destruendi
624 4335 686 4412 ejus
705 4333 790 4397 ¹locus
812 4334 893 4392 ‹le
916 4352 984 4410 pan.
1008 4331 1057 4408 83;
1083 4330 1192 4405 Quint,
1215 4329 1308 4407 Tac).

200 4435 383 4495 Drstrr'buere
410 4453 477 4494 cum
504 4438 719 4513 praepositione
746 4439 775 4494 in
803 4445 943 4512 sequente
970 4435 1092 4495 ablotroo
1115 4435 1273 4494 insolenter
1295 4452 1366 4493 con·
1462 4463 1464 4468 ·
