3268 5016
699 345 889 406 ,5-

162 517 253 596 quod,
276 537 351 594 quos
369 519 398 576 in
421 517 625 576 dissertatione
642 515 680 575 de
698 516 803 594 Velleji
821 517 986 577 elocutione
1003 518 1113 593 scripta
1130 513 1240 576 contuli
1256 513 1337 574 locos
1355 531 1424 590 par·

162 621 216 678 tim
238 639 274 678 ex
301 619 400 679 lexicis
421 618 534 678 Latinis
562 618 668 694 partim
695 635 731 676 ex
757 618 940 690 ,indicibus‘,
968 619 1018 696 qui
1045 617 1085 678 ad
1111 619 1242 694 singulos
1269 617 1423 692 scriptores

164 721 249 781 nobis
271 721 389 797 praesto
412 729 489 790 sunt,
517 719 675 796 desumpsi,
698 720 812 796 quibus,
837 739 927 797 quam
950 722 1057 796 exigua
1079 737 1169 798 saepe
1190 717 1261 780 fides
1284 718 1423 778 habenda

163 823 209 892 sit,
232 823 369 882 omnibus
391 829 495 881 notum
518 819 586 895 est):
1333 829 1336 838 '
1391 829 1393 836 “

252 921 394 982 Celsitndo
417 940 471 997 pro
493 924 655 992 altitudine,
678 925 839 981 excelsitate
860 921 965 982 dicitur
987 929 1017 994 ’2,
1040 940 1094 999 94,
1117 941 1147 983 2:
1168 923 1281 1001 juvenis
1303 905 1421 996 genere,

163 1023 286 1095 forma„
304 1024 476 1084 celsitudine
500 1023 631 1100 corporis
658 1025 848 1102 maximoque
873 1027 993 1100 ingenio
1019 1024 1258 1085 instructissimus
1283 1019 1355 1101 (Cic.
1384 1023 1422 1100 de

161 1127 212 1184 off.
235 1142 266 1200 3,
291 1141 319 1200 5,
342 1140 379 1198 24
402 1143 474 1184 voce
495 1125 672 1185 excelsitatis
698 1124 806 1200 utitur).
850 1126 896 1186 De
924 1126 1083 1186 altitudine
1099 1127 1244 1186 montium
1266 1131 1423 1200 usurpatur

161 1229 296 1285 cetsz'tudo
327 1226 415 1301 Apul.
443 1224 480 1285 de
507 1226 618 1286 mundo
645 1243 696 1301 33:
727 1225 886 1304 Olympus,
916 1229 967 1304 qui
994 1235 1039 1288 est
1065 1227 1243 1288 celsitudinis
1274 1239 1421 1295 summae;

162 1317 359 1404 metonymice
382 1327 485 1387 dicitur
511 1331 550 1388 ab
572 1330 732 1388 Ammiano
755 1329 930 1390 Marcellino
954 1325 1012 1407 (25,
1036 1329 1070 1401 6,
1092 1329 1142 1389 28:
1169 1329 1318 1389 maximae
1339 1327 1422 1386 celsi·

161 1429 278 1488 tudines
301 1430 446 1488 montium
469 1437 498 1488 et
522 1446 566 1505 15,
592 1446 639 1500 ro,
664 1430 697 1489 6:
719 1431 779 1490 alia
801 1430 945 1491 celsitudo
966 1431 1089 1492 erectior
1110 1430 1157 1507 [de
1178 1430 1302 1508 Alpibus
1325 1421 1421 1488 sermo

167 1529 226 1606 61]).
260 1529 348 1607 Apud
368 1530 438 1608 juris
460 1533 610 1591 consultos
633 1540 663 1591 et
685 1540 783 1609 patres
801 1535 933 1592 celsitudo
955 1533 1056 1594 titulus
1079 1542 1131 1604 est,
1154 1551 1214 1610 quo
1237 1531 1423 1608 appellantur

161 1649 263 1691 comes
285 1648 437 1692 sacrarum
462 1633 653 1708 largitionum
675 1643 706 1694 et
731 1634 898 1710 praelectus
920 1636 1082 1713 praetorio,
1109 1634 1188 1694 velut
1209 1633 1284 1694 Cod.
1306 1630 1421 1690 Theod.

161 1730 191 1802 6,
214 1731 260 1802 26,
285 1732 317 1790 18
340 1738 370 1791 et
391 1733 418 1804 8,
440 1749 466 1810 5,
489 1751 539 1810 25;
562 1735 695 1794 Cassiod.
721 1755 782 1794 var.
805 1752 830 1807 2,
853 1751 899 1812 57.

254 1833 465 1892 Consummatio
487 1853 541 1910 pro
557 1836 741 1915 perfectione,
765 1839 938 1897 absolutrlme
959 1839 1076 1915 ponitur
1098 1853 1123 1908 2,
1148 1835 1206 1907 116,
1229 1853 1261 1910 4:
1284 1853 1422 1894 consum·

165 1935 296 1994 matione
336 1943 457 1995 evectae
491 1937 521 1995 in
558 1936 731 1996 altissimum
770 1945 985 2016 paternumque
1025 1938 1176 2014 fastigium
1210 1935 1422 2012 magnitudinis

161 2034 277 2110 (Haase
299 2044 328 2096 et
350 2036 442 2096 Halm
464 2036 611 2114 imaginis)
628 2038 759 2099 defectus
782 2046 826 2100 est
847 2037 935 2116 (Cels.
955 2058 978 2109 1,
996 2057 1013 2116 3
1035 2047 1117 2111 extr,
1140 2040 1210 2100 Sen.
1227 2056 1305 2098 suas.
1324 2037 1352 2108 6,
1374 2051 1422 2106 213

168 2139 284 2199 Colum.
308 2156 330 2196 1.
353 2139 445 2214 praef.
469 2151 498 2214 7;
521 2140 595 2199 Plin.
617 2141 718 2211 ambo,
743 2141 865 2218 Quint).
908 2141 1045 2202 Similiter
1063 2139 1255 2220 adjectivum,
1277 2139 1358 2216 quod
1380 2146 1424 2198 est

161 2247 382 2311 consummatus,
406 2259 460 2317 pro
477 2243 615 2322 perfecto,
642 2243 768 2302 absoluto
791 2244 895 2303 dicitur
917 2261 942 2314 2,
967 2258 1026 2319 117,
1051 2259 1077 2302 1:
1104 2261 1173 2302 cum
1195 2243 1272 2301 intra
1295 2241 1424 2317 quinque

161 2343 360 2402 consummati
389 2344 462 2401 tanti
489 2342 586 2417 operis
613 2342 675 2404 dies
702 2344 837 2403 funestae
863 2364 900 2403 ex
923 2327 1086 2403 Germania
1113 2343 1256 2420 epistolae
1282 2349 1424 2400 venerunt

162 2439 253 2520 (eon,
281 2442 355 2502 Plin.
382 2444 485 2512 ambo,
518 2445 585 2502 Sen.
613 2463 671 2520 ep„
700 2443 821 2518 Quint).
873 2444 1100 2503 Consummandi
1128 2445 1249 2502 verbum
1280 2440 1434 2512 invenitur⁸

165 2543 244 2618 apud
267 2542 406 2602 Ovidium
429 2544 556 2618 primum
577 2541 654 2619 (last.
678 2540 897 2620 5166129116
924 2546 1089 2625 Vitruvium
1118 2562 1144 2614 1,
1170 2560 1233 2616 1,4
1256 2552 1285 2602 et
1307 2545 1423 2619 saepius

161 2641 245 2719 apud
266 2642 393 2712 Livium,
421 2651 453 2701 ut
475 2642 523 2714 28,
548 2659 591 2719 17,
614 2661 646 2720 33
669 2661 719 2720 29,
742 2661 790 2720 25,
814 2661 847 2720 4;
870 2646 991 2723 epitom.
1014 2644 1053 2704 68
1075 2653 1148 2705 extr.
1170 2652 1200 2705 et
1222 2643 1301 2722 apud
1324 2644 1423 2703 Velle·

163 2745 228 2821 jum
250 2743 346 2821 ipsum
368 2758 393 2814 2,
415 2743 463 2820 89,
486 2760 517 2815 2;
540 2761 565 2815 2,
589 2761 646 2822 115,
669 2741 918 2824 4›(Posteriores).

215 2836 218 2844 ’
251 2844 436 2904 Converrotio
459 2848 576 2924 proprie
602 2847 715 2907 videtur
737 2847 903 2923 significare
921 2849 1106 2928 frequentem
1129 2867 1212 2907 urum
1235 2850 1423 2922 actionemque

160 2958 244 3023 saepe
251 2950 395 3017 versandi,
415 2956 448 3006 ut
465 2949 545 3024 apud
558 2949 661 3009 Senec.
676 2949 714 3009 de
732 2949 870 3025 6111115,
885 2963 956 3025 2,5;
975 2950 1050 3008 Plin.
1064 2949 1092 3009 h.
1106 2967 1135 3008 n.
1156 2966 1199 3021 ro,
1218 2966 1254 3024 55
1271 2945 1330 3024 (51),
1347 2965 1422 3018 100;

160 3048 304 3108 translate
325 3050 443 3125 ponitur
468 3067 522 3125 pro
550 3052 761 3122 consuetudine,
785 3052 1012 3130 familiaritate,
1038 3058 1071 3110 ut
1097 3071 1117 3111 a
1139 3050 1253 3127 Vellejo
1280 3051 1375 3126 primo
1397 3066 1421 3119 2,

164 3165 228 3221 102,
253 3168 283 3225 3:
308 3168 365 3211 nec
387 3150 480 3210 deluit
501 3154 685 3212 conversatio
708 3152 862 3211 hominum
884 3153 952 3211 vitia
974 3153 1036 3229 ejus
1059 3153 1259 3211 assentatione
1281 3151 1422 3209 alentium

159 3249 238 3327 (Sen.
268 3252 357 3323 rhet,
388 3252 462 3311 Plin.
489 3254 573 3330 maj„
606 3252 723 3325 Quint,
755 3254 843 3323 Tac„
876 3253 980 3331 Justin.
1012 3246 1065 3318 Cf.¹
1086 3252 1205 3314 Ruhnk.
1232 3251 1271 3312 ad
1294 3247 1373 3312 Vell.
1396 3268 1421 3321 2,

164 3369 227 3422 102,
251 3370 282 3427 3;
305 3353 448 3431 Spalding
470 3355 510 3414 ad
532 3354 634 3428 Quint
657 3355 685 3426 6,
709 3373 736 3430 5,
759 3352 796 3431 7).

246 3453 426 3533 Esstnuium.
458 3455 527 3516 Hoc
548 3456 740 3527 vocabulum,
762 3456 843 3534 quod
865 3462 957 3514 aetum
980 3457 1125 3534 effluendi
1139 3456 1291 3530 significat,
1319 3450 1422 3532 Velleji

162 3555 288 3615 editores
310 3574 348 3614 ex
367 3565 506 3633 corrupta
529 3558 653 3617 lectione
672 3557 770 3636 (editio
789 3559 924 3634 princeps
947 3567 977 3617 et
999 3558 1205 3634 apographum
1223 3555 1424 3644 Amerbachii:

167 3657 197 3716 in
220 3656 319 3734 fluuio)
334 3651 507 3735 ¹praeeunte
528 3660 628 3736 Lipsio
655 3661 684 3718 in
706 3643 819 3718 textum
842 3667 1015 3736 receperunt
1037 3675 1066 3729 2,
1091 3667 1156 3728 120,
1181 3675 1216 3732 4:
1238 3665 1271 3716 ut
1292 3659 1423 3733 protinus

167 3761 318 3834 sanguinis
351 3761 522 3837 cerebrique
552 3761 671 3820 effluvio
693 3763 855 3838 exspiraret
876 3760 959 3838 (Plin.
977 3762 1005 3819 h.
1023 3781 1052 3818 n.
1070 3775 1095 3835 7,
1119 3775 1149 3835 51
1169 3758 1229 3836 (52),
1254 3772 1313 3833 171:
1340 3776 1425 3817 umo-

159 3861 198 3918 ris
221 3879 238 3918 e
259 3877 383 3937 corpore
405 3861 568 3932 elfluvium;
592 3863 668 3922 Tac.
686 3881 761 3922 ann.
782 3879 820 3934 12,
839 3878 886 3938 57:
910 3863 1076 3922 convivium
1095 3862 1212 3922 effluvio
1230 3839 1312 3919 licus
1331 3860 1425 3936 adpo·

164 3961 269 4037 situm).
376 3955 377 3960 ’

135 4116 139 4120 .
246 4063 430 4124 Exercrtium
461 4067 522 4129 sive
547 4065 668 4142 pluralis
695 4065 791 4125 forma
821 4067 962 4124 exercitii
984 4083 1038 4142 pro
1075 4063 1339 4131 exercitationibnr,
1367 4079 1427 4137 qua

161 4183 233 4227 voce
255 4165 359 4226 Cicero
381 4183 498 4244 semper
519 4170 617 4237 utitur,
639 4175 737 4227 exstat
766 4183 796 4238 2,
823 4173 891 4242 109,
917 4183 943 4226 1:
976 4185 1082 4243 corpus
1110 4165 1257 4243 perpetuis
1283 4162 1428 4222 exercitiis

162 4285 257 4342 paene
279 4267 318 4326 ad
336 4267 511 4328 Romanam·
529 4268 700 4345 disciplinae
729 4268 855 4327 sormam
878 4268 1040 4327 redactum.¹
1075 4265 1236 4342 Singularis
1259 4264 1354 4324 forma
1376 4263 1429 4321 hu·

159 4377 206 4452 jus
227 4371 306 4428 vocis
328 4370 462 4452 absolute
490 4370 595 4430 dicitur
616 4369 713 4430 Tacit.
743 4372 813 4430 hist.
836 4387 866 4445 5,
890 4369 945 4446 561
977 4389 1037 4430 non
1067 4369 1206 4446 adloquio
1234 4368 1430 4443 exercitioque

164 4471 285 4530 militem
304 4473 434 4554 firmare3
458 4473 520 4532 aliis
543 4472 628 4543 locis,
652 4473 701 4549 qui
721 4472 800 4549 apud
817 4471 956 4532 Tacitum
979 4479 1106 4541 exstant,
1125 4469 1270 4546 genitivus
1288 4470 1356 4528 huic
1379 4486 1431 4526 vo-
