3268 5016
686 323 888 380 ..41..

163 503 316 570 tamquam
338 493 369 552 in
395 510 499 552 omnes
524 510 640 569 semper
662 501 799 554 venturus
822 494 860 554 ab
886 492 1022 552 omnibus
1044 491 1210 550 timebatur.
1255 490 1299 550 Cf.
1325 491 1414 566 Verg.

162 597 236 656 Aen.
256 611 281 665 2,
305 609 356 670 47:
380 594 518 654 machina
540 592 708 673 inspectura
730 595 834 655 domos
856 585 1038 670 venturaque
1060 592 1185 669 desuper
1206 593 1280 650 urbi.

254 714 405 772 Virrdr'care
427 731 458 773 se
481 715 519 772 ab
542 713 611 791 alqo
632 713 738 774 eadem
760 715 787 771 vi
810 712 924 783 dicitur,
956 730 1016 789 qua
1046 729 1078 770 se
1100 713 1202 770 ulcrlrcr'
1229 712 1267 770 ab
1295 711 1363 789 alqo
1392 728 1414 784 1,

164 835 186 888 1,
205 833 236 894 3:
259 817 330 894 quin
348 832 380 874 se
398 817 487 874 etiam
510 833 529 874 a
546 815 665 892 Pyrrho,
680 815 798 875 Achillis
816 815 884 886 filio,
903 815 1007 874 virtute
1024 813 1188 873 vindicavit.
1220 812 1264 874 Cf.
1287 813 1355 872 Seu.
1378 813 1415 872 de

162 921 248 979 clem.
274 937 296 989 1,
320 934 348 994 9,
371 932 401 992 3:
427 933 449 987 1,
471 933 512 986 21,
536 934 569 991 4;
593 916 630 977 de
651 918 718 978 beu.
740 917 767 988 6,
790 933 816 993 5,
840 933 869 991 4.
892 948 932 960 -
955 934 988 976 se
1013 915 1163 976 vindicare
1186 915 1223 975 de
1245 914 1314 992 alqo
1335 917 1416 975 inve·

163 1022 240 1080 uitur
261 1021 336 1080 Plin.
359 1038 406 1096 ep.
429 1033 457 1092 4,
483 1035 520 1088 11,
546 1035 638 1091 14.-

250 1138 321 1198 Non
339 1139 421 1198 nulla
443 1139 534 1198 etiam
557 1138 646 1197 verba
668 1157 829 1214 eorumque
850 1138 1077 1214 significationes
1095 1137 1223 1214 Vellejus
1246 1154 1265 1195 a
1287 1138 1416 1214 superio·

162 1243 242 1301 ribus
260 1242 353 1318 poetis
376 1241 545 1317 desumpsit.
587 1241 660 1300 Sunt
682 1242 755 1300 haec
777 1241 852 1300 lere:
1265 1253 1266 1256 ’

250 1360 416 1418 Assuescere
438 1377 491 1436 pro
509 1377 546 1418 eo
568 1359 680 1430 dicitur,
699 1359 778 1436 quod
800 1359 880 1436 apud
898 1359 1026 1436 optimos
1043 1359 1198 1434 scriptores
1216 1367 1261 1417 est
1281 1359 1416 1437 assuefa-

163 1481 224 1519 cere
250 1478 279 1532 2,
307 1475 356 1538 79,
386 1479 412 1520 1:
444 1461 648 1520 contrahendo
678 1462 761 1519 militi
792 1479 829 1520 ac
850 1461 954 1536 remigi
985 1460 1194 1537 navalibusque
1215 1461 1414 1520 assuescendo

165 1560 267 1639 (suppl.
290 1541 413 1622 militem
440 1582 476 1623 ac
498 1564 651 1638 remigem)
678 1564 886 1622 certaminibus
909 1575 998 1639 atque
1024 1563 1279 1621 exercitationibus
1301 1561 1388 1637 praef
1403 1590 1416 1604 ·

167 1673 229 1723 ctus
255 1671 300 1724 est
326 1663 368 1723 M.
394 1666 527 1742 Agrippa
557 1665 640 1739 (Hor.
668 1683 754 1724 serm.
781 1682 809 1736 2,
837 1681 865 1735 2,
894 1681 961 1741 1ο9;
991 1665 1102 1723 Lucan.
1124 1680 1156 1739 5,
1183 1665 1250 1740 7763
1281 1663 1359 1723 Flor.
1387 1680 1415 1738 4.

162 1782 203 1837 12,
228 1766 287 1843 43l·
915 1807 916 1810 ¹

249 1869 406 1926 Autumare
432 1887 493 1927 non
515 1868 612 1926 solum
634 1887 687 1945 pro
710 1870 879 1938 aestimare,
906 1887 1026 1928 censere
1049 1869 1165 1937 dicitur,
1188 1887 1248 1945 qua
1271 1869 1416 1943 significa-
1523 1930 1527 1940 ,

162 1971 245 2027 tione
271 1977 366 2028 exstat
392 1968 471 2045 apud
492 1970 629 2029 Plautum
656 1970 888 2048 Terentiumque
916 1979 946 2030 et
967 1980 1088 2047 poetam
1115 1971 1195 2046 apud
1217 1969 1277 2031 Cic.
1304 1988 1346 2029 or.
1367 1986 1416 2045 49,

166 2068 222 2128 166
241 2077 270 2129 et
292 2078 353 2148 top.
373 2087 413 2145 13,
431 2086 474 2147 55,
493 2071 544 2131 sed
567 2073 656 2131 etiam
679 2074 848 2148 prodicere,
872 2075 1020 2131 nominare
1038 2081 1179 2150 sequente
1200 2071 1307 2148 duplici
1329 2088 1416 2130 accu-

166 2174 258 2250 sativo
286 2172 360 2230 Vell.
384 2189 409 2244 1,
434 2171 465 2245 6,
489 2191 521 2248 4:
549 2192 640 2251 quarn
667 2173 788 2250 quidam
810 2173 888 2232 Dido
914 2183 1070 2234 autumant
1095 2171 1142 2249 (cf.
1169 2173 1287 2232 Ruhnk.
1308 2172 1347 2232 ad
1373 2173 1416 2231 lo·

162 2275 252 2349 cum),
281 2275 359 2334 velut
384 2275 458 2334 Hor.
487 2294 574 2335 serm.
596 2291 625 2345 2,
648 2292 680 2351 3,
703 2291 755 2349 44:
782 2293 870 2352 quem
897 2278 1033 2337 insanum
1054 2276 1207 2360 Chrysippi
1233 2277 1361 2351 porticus
1387 2286 1417 2334 et

165 2394 238 2451 grex
273 2384 409 2436 autumat
440 2377 514 2448 ‚den
544 2384 632 2435 neunt
661 2376 712 2436 des
739 2376 917 2454 Chrysippus
943 2373 1023 2437 Hall'
1049 2397 1078 2436 u.
1105 2378 1270 2438 Gemeinde
1296 2377 1417 2452 unklug‘

160 2476 331 2554 (Kirchner).
374 2479 431 2538 Alii
460 2479 517 2537 hoc
548 2480 615 2562 loco
639 2487 792 2538 autumare
814 2498 868 2556 pro
899 2497 1019 2565 censere
1050 2480 1210 2554 accipiunt;
1243 2479 1294 2539 sed
1325 2479 1414 2538 etiam

162 2579 388 2640 Commentator
410 2579 596 2658 Cruquianus
618 2600 673 2659 pro
696 2581 801 2651 dicere,
826 2583 980 2641 nominare
1002 2583 1217 2658 interpretatur.
1321 2579 1326 2590 ‘

251 2699 479 2772 Circumuolare,
511 2718 570 2777 quo
601 2700 746 2760 vocabulo
777 2710 885 2777 poetae
916 2699 1030 2760 classici
1057 2701 1177 2776 propria
1205 2699 1418 2774 significatione

165 2820 256 2879 saepe
278 2811 407 2872 utuntur,
431 2820 483 2879 per
505 2803 728 2862 translationem
752 2821 770 2862 a
792 2803 906 2880 Vellejo
928 2803 1023 2879 primo
1046 2802 1122 2860 inter
1143 2801 1229 2860 solut.
1252 2809 1326 2861 orat.
1348 2802 1418 2861 scri·

162 2910 260 2980 ptores
282 2912 440 2980 usurpatur
461 2922 515 2979 pro
533 2907 660 2963 celeriter
682 2908 842 2975 circumire,
862 2905 1038 2964 circumuehi
1055 2920 1081 2975 2,
1103 2918 1145 2980 27,
1169 2919 1198 2962 2:
1221 2921 1258 2964 eo
1280 2903 1339 2975 die,
1358 2922 1418 2980 quo

164 3005 378 3064 circumvolans
401 3007 517 3066 ordines
546 3007 689 3066 exercitus
712 3009 757 3066 sui
784 3008 887 3067 adesse
909 3007 1052 3066 Romanis
1078 3007 1214 3066 ultimum
1240 3005 1318 3065 diem
1340 3007 1418 3064 voci·

166 3105 323 3167 letabatur.
359 3107 448 3192 Apud
469 3107 667 3168 Columellam
688 3105 722 3182 (1.
745 3109 836 3185 prael.
859 3106 879 3185 ἕ
902 3106 930 3184 91
952 3118 980 3168 et
997 3107 1142 3166 Senecam
1164 3104 1211 3183 (de
1232 3108 1275 3166 ira
1299 3123 1325 3178 2,
1344 3124 1372 3183 9,
1391 3105 1418 3183 3)

167 3209 272 3268 eadem
295 3211 440 3270 sententia
461 3210 583 3270 verbum
605 3209 839 3270 circumvolitare
860 3219 964 3270 exstat.
1070 3253 1072 3257 -

253 3327 360 3388 collidi
381 3339 543 3407 praeeunte
565 3329 693 3390 Horatio
719 3327 810 3407 (epist.
835 3348 861 3400 1,
884 3347 914 3402 2,
938 3329 963 3406 7)
985 3330 1103 3405 ponitur
1124 3346 1178 3406 pro
1200 3330 1348 3399 drinr‘care,
1371 3330 1418 3385 de·

164 3436 273 3488 certare
294 3448 323 3502 2,
347 3447 398 3508 52,
420 3449 458 3507 3:
479 3433 582 3492 collisa
608 3433 683 3492 inter
704 3451 736 3491 se
762 3432 940 3507 reipublicae
967 3432 1065 3508 capita
1087 3437 1130 3490 tot
1157 3431 1291 3506 talesque
1313 3447 1417 3490 caesos

165 3532 240 3590 viros
262 3552 322 3592 non
344 3535 447 3610 recipit
468 3523 634 3594 enarrando
657 3535 703 3593 hic
722 3535 883 3609 scripturae
900 3533 1020 3603 modus;
1042 3531 1079 3590 cf.
1097 3533 1169 3592 Stat.
1191 3531 1287 3591 Theb.
1305 3531 1333 3603 6,
1352 3547 1417 3608 435.

164 3633 328 3712 Comparat
345 3635 537 3696 Ruhnkenius
560 3636 598 3695 ad
619 3637 718 3694 locum
737 3642 869 3693 nostrum
888 3634 1037 3694 Graecum
1056 3626 1246 3715 συγκρούειν
1270 3642 1299 3692 et
1321 3643 1417 3692 meta·

164 3735 302 3812 phoram‚
330 3739 368 3797 ob
390 3737 563 3815 adjunctum
586 3739 696 3814 capita,
725 3737 845 3795 ductam
867 3753 931 3794 esse
954 3743 1039 3812 putat
1060 3736 1099 3794 ab
1122 3735 1311 3805 animalibus,
1340 3753 1417 3812 quae

164 3845 266 3896 mutuo
289 3856 434 3899 concursu
455 3839 553 3915 capita
579 3837 728 3898 collidunt.
774 3834 996 3895 Observabatur
1023 3835 1147 3896 fortasse
1169 3837 1295 3896 auctoris
1317 3837 1417 3895 animo

164 3939 246 3999 locus
267 3941 315 4001 ille
338 3941 427 4016 Verg.
449 3941 522 3999 Aen.
546 3956 586 4011 12,
609 3953 658 4015 715
674 3956 744 4014 sqq.

255 4060 431 4136 Compescere
453 4076 482 4129 2,
508 4077 551 4130 12,
575 4058 608 4118 6:
635 4077 695 4118 nou
722 4067 823 4118 tamen
850 4059 1038 4117 furorem
1057 4056 1160 4116 consul
1187 4057 1276 4115 armis
1299 4075 1415 4134 compe-

163 4163 247 4221 scuit.
292 4163 361 4222 Hoc
382 4162 558 4221 vocabulum
576 4161 681 4219 Plauto
703 4169 733 4218 et
755 4177 846 4218 aurea
868 4166 966 4219 aetate
988 4159 1083 4235 poetis
1106 4158 1246 4215 usitatum
1265 4159 1327 4235 jam
1348 4160 1417 4218 inde

163 4281 184 4322 a
206 4264 320 4343 Vellejo
343 4265 521 4340 frequentari
543 4270 682 4338 coeptum
705 4270 750 4320 est
770 4258 852 4338 (Col,
874 4263 941 4322 Sen.
959 4261 1038 4338 phil,
1061 4259 1134 4318 Plin.
1156 4258 1234 4336 maj„
1257 4257 1383 4336 poster).

249 4366 364 4434 Deflere
386 4373 547 4442 praeeunte
569 4363 700 4438 Vergilio
722 4360 804 4439 (Aen.
825 4381 863 4434 11,
881 4379 930 4440 59:
953 4366 1027 4424 haec
1044 4364 1094 4422 ubi
1112 4357 1238 4439 deflevit)
1261 4381 1279 4420 a
1302 4361 1416 4440 Vellejo

164 4467 271 4527 eadem
288 4469 316 4526 vi
337 4467 463 4545 ponitur,
481 4485 540 4543 qua
558 4484 700 4525 enarrare
721 4484 783 4522 cum
802 4467 908 4524 doloris
930 4486 1014 4525 sensu
1032 4482 1057 4536 2,
1077 4481 1136 4540 119,
1156 4482 1182 4524 1;
1205 4483 1283 4524 nunc
1300 4447 1418 4524 summa
