3268 5016
211 484 405 558 praesagium
427 462 635 556 praeeuntibus
658 475 765 536 Ovidio
790 484 820 537 et
842 476 972 553 Vergilio
998 495 1053 554 pro
1068 481 1283 554 praesensione,
1306 482 1380 539 drin'·

126 588 242 644 natione
261 583 379 660 ponitur
401 597 426 650 2,
449 593 492 656 57,
517 596 542 637 1:
566 597 634 637 curn
652 579 778 656 plurima
799 578 957 656 praesagia
975 588 1065 655 atque
1081 578 1189 639 indicia
1206 580 1245 640 dii
1261 581 1380 642 immor·
1433 649 1441 660 δ

126 687 200 748 tales
221 685 309 744 futuri
332 682 505 743 obtulissent
527 680 647 757 periculi
669 677 753 753 (Col.,
776 681 849 740 Plin.
872 681 950 757 maj,
969 680 1053 750 Tac,
1076 679 1173 757 Suet).

210 787 332 846 Priores
353 803 407 862 pro
430 783 591 862 majoribus
614 797 643 853 2,
666 799 712 858 91,
732 800 764 856 4:
791 801 887 859 neque
909 782 956 843 hic
977 783 1119 860 prioribus
1146 782 1176 841 in
1202 783 1380 844 occultando

131 890 242 950 felicior
264 888 317 947 fuit
338 885 449 963 (Verg,
468 885 532 956 Ov,
556 885 629 958 Col,
652 886 737 946 Plinii
759 884 866 962 ambo).

213 989 345 1066 Sanguis
371 995 510 1048 concreto
536 1005 623 1048 sensu
653 995 809 1064 usurpatur
835 1006 889 1065 pro
920 987 1016 1048 liberis
1043 988 1166 1063 aliisque
1191 995 1272 1047 recta
1301 987 1380 1046 tinea

125 1092 354 1152 ascendentibus
375 1097 427 1150 aut
449 1081 692 1149 descendentibus
715 1105 741 1160 1,
766 1105 813 1160 10,
838 1104 874 1164 31
897 1107 974 1166 quae
995 1107 1052 1148 vox
1073 1106 1186 1164 magna
1206 1097 1290 1165 parte
1311 1105 1379 1147 eum

126 1195 261 1271 spoliavit
278 1191 430 1267 sanguinis
448 1192 492 1251 sui
512 1190 621 1267 (Verg,
641 1191 724 1262 Hor,
743 1191 805 1250 Liv.
824 1208 872 1265 40,
892 1207 917 1268 3,
939 1208 964 1261 1;
984 1192 1051 1251 Val.
1069 1190 1159 1261 Max,
1178 1188 1261 1260 Tac,
1280 1185 1378 1264 Curt).

128 1293 182 1354 Cf.-
195 1293 453 1370 Krebs·Allgayer,
476 1293 628 1374 Antibarb.
652 1293 698 1351 ed.
721 1291 757 1350 V.
780 1311 808 1369 p.
833 1308 913 1367 1041.
1435 1287 1438 1294 ’

216 1393 325 1470 Superi
343 1395 477 1454 dicuntur
498 1394 639 1464 homines,
662 1394 712 1470 qui
733 1393 764 1452 in
785 1401 864 1454 terra
886 1403 961 1464 sunt,
984 1394 1109 1470 oppositi
1126 1393 1232 1464 inieris,
1251 1394 1270 1452 i.
1288 1411 1313 1452 e.
1335 1391 1378 1464 iis,

130 1499 180 1573 qui
201 1506 283 1556 extra
305 1503 412 1556 terram
433 1504 593 1565 versantur,
616 1495 682 1554 ie.
704 1497 826 1556 mortuis
853 1512 878 1566 2,
905 1493 952 1570 48,
980 1511 1009 1554 2:
1041 1513 1131 1572 quam
1153 1496 1232 1572 apud
1259 1513 1379 1572 superos

129 1598 272 1658 habuerat
293 1596 539 1674 magnitudinem,
560 1597 704 1658 illibatam
726 1597 877 1658 detulisset
899 1597 937 1657 ad
959 1597 1076 1657 inferos.
1119 1596 1163 1657 Cf.
1187 1599 1279 1674 Verg.
1301 1598 1377 1658 Aen.

127 1698 156 1772 6,
178 1701 231 1774 481
253 1710 282 1758 et
305 1698 374 1758 680.
394 1728 434 1742 —
535 1747 539 1754 .

70 1817 72 1822 ·
214 1801 281 1880 Jam
304 1802 385 1878 apud
405 1803 570 1876 superiores
587 1804 751 1880 scriptores,
770 1803 799 1861 in
818 1802 917 1878 primis
935 1801 1014 1877 apud
1031 1801 1199 1862 Sallustium
1217 1810 1247 1860 et
1264 1801 1378 1860 Livium

126 1904 230 1964 iisdem
248 1903 517 1978 significationibus,
536 1903 641 1979 quibus
659 1902 739 1981 apud
757 1904 910 1982 Vellejum,
926 1903 978 1964 sed
996 1905 1089 1963 rarius
1107 1904 1292 1962 inveniuntur
1310 1902 1379 1962 sub·

130 2005 256 2064 stantiva
274 2003 361 2063 haec:

214 2107 297 2165 Acies
323 2109 470 2180 equestres,
498 2126 598 2166 rarum
624 2107 740 2167 dicendi
766 2125 874 2184 genus,
901 2116 1058 2184 usurpatur
1079 2123 1109 2178 2,
1133 2123 1192 2178 112,
1216 2122 1245 2184 51
1277 2106 1380 2180 fugata

128 2208 276 2283 regiorum
298 2209 439 2284 equestris
461 2211 550 2277 acies,
569 2209 694 2284 fugatae
715 2210 973 2280 alae„oonversae
990 2209 1125 2294 cohortes
1147 2216 1215 2268 sunt
1236 2206 1331 2286 (Auct.
1351 2209 1380 2265 b.

128 2310 190 2381 Afr,
212 2309 258 2386 38,
281 2327 314 2384 41
336 2310 415 2386 acies
437 2312 593 2388 equestris;
612 2310 675 2370 Liv.
696 2309 723 2380 8,
746 2327 793 2387 39,
816 2329 841 2371 1:
864 2313 942 2371 acies
965 2309 1114 2388 equitum).

212 2413 398 2490 Adjutorr'um
421 2430 473 2488 pro
495 2414 654 2480 auxilior,
678 2427 732 2480 112,
756 2429 788 2485 4:
811 2431 952 2488 magnam
966 2414 1119 2472 Thracum
1140 2430 1263 2471 manum
1280 2413 1310 2471 iu
1328 2412 1380 2472 ad-

45 2505 49 2513 ’
125 2515 265 2592 jutorium
288 2515 349 2590 ejus
371 2512 440 2570 belli
462 2530 562 2571 secum
580 2512 724 2572 trahebat
764 2513 831 2573 Hac
849 2533 921 2574 voce
938 2514 1113 2574 Ciceronem
1130 2515 1273 2575 translata
1291 2516 1380 2591 signi·

128 2614 265 2672 ficatione
286 2630 372 2670 usum
394 2612 481 2672 luisse
504 2613 669 2674 Columella
691 2613 728 2673 de
750 2633 782 2674 re
803 2624 873 2677 rust
894 2632 932 2674 12.
950 2616 1041 2692 praef.
1066 2633 1077 2674 1
1102 2623 1224 2676 testatur
1244 2614 1380 2695 (adjuto-

128 2715 173 2773 ria
190 2709 372 2788 senectutis‘),
395 2713 456 2784 sed,
480 2721 578 2773 utrum
596 2713 644 2773 ille
666 2717 789 2791 scriptor
810 2715 959 2778 Ciceronis
981 2718 1072 2778 verba
1093 2701 1160 2794 ipsa
1180 2718 1317 2790 attulerit,
1339 2737 1380 2778 an
1420 2751 1427 2770 ·

127 2816 296 2874 memoriter
317 2815 432 2874 locutus
453 2815 498 2892 sit,
519 2818 549 2876 in
575 2817 687 2877 incerto
709 2825 752 2878 est
773 2815 864 2893 (Asin.
890 2820 963 2881 Poll.
990 2821 1070 2897 apud
1091 2821 1183 2892 Suet,
1206 2821 1274 2882 Sen.
1296 2821 1377 2899 phil,

129 2918 240 2991 Quint,
263 2913 387 2994 postea).
1287 2979 1289 2984 ,
1315 2911 1318 2918 ¹

40 3011 42 3018 ¹
212 3022 332 3080 Aemula
354 3021 444 3080 subet.
467 3039 536 3096 gen.
559 3023 627 3082 sem.
648 3038 669 3094 1,
691 3040 729 3093 12,
749 3021 781 3082 6:
805 3025 932 3084 Romani
953 3026 1056 3101 imperi
1074 3025 1224 3100 Carthago
1247 3023 1377 3094 aemula;

128 3138 156 3193 2,
182 3140 207 3192 1,
231 3139 257 3180 11
284 3131 399 3182 remoto
425 3122 611 3200 Carthaginis
639 3134 719 3186 metu
746 3127 920 3202 sublataque
941 3121 1044 3202 imperi
1066 3126 1183 3186 aemula
1205 3123 1284 3203 (On,
1307 3122 1376 3183 Sall.

129 3221 194 3283 Cat.
219 3221 315 3302 10,1).
369 3283 371 3288 .

212 3328 318 3384 Aenum
340 3345 394 3402 pro
417 3335 512 3398 aetate,
534 3335 654 3404 tempore
675 3328 819 3398 diciturr,
840 3343 879 3404 17,
901 3343 930 3398 2;
953 3345 978 3399 2,
1001 3346 1029 3406 9,
1048 3342 1079 3404 3;
1101 3345 1185 3405 2,13,
1204 3344 1233 3399 23
1255 3342 1281 3399 2,
1299 3327 1376 3397 26,1

129 3422 203 3502 (aevi
230 3431 344 3501 paterni
365 3429 466 3501 Halm,
489 3431 570 3489 Kritz
595 3438 625 3489 et
650 3429 753 3490 Haase
778 3429 879 3506 ingeni
904 3428 1040 3508 paterni);
1063 3430 1157 3506 2,36,
1176 3446 1206 3506 3;
1228 3438 1264 3500 2,
1277 3429 1329 3499 66,
1347 3445 1377 3505 3;
1445 3484 1448 3493 .

129 3543 158 3597 2,
182 3525 233 3603 89,
257 3527 275 3586 6
297 3526 371 3605 (aevi
393 3533 518 3607 spatium
537 3556 578 3580 =
596 3532 672 3616 vitae
694 3531 833 3608 spatium)
853 3532 951 3607 (Post,
969 3533 1048 3604 sall,
1067 3532 1127 3602 alii;
1151 3532 1187 3591 cf.
1206 3532 1377 3592 Krebs·All-

129 3646 229 3706 gayer,
252 3630 404 3689 Antibarb.
427 3632 472 3693 ed.
495 3633 531 3692 V.
554 3652 582 3710 p.
607 3631 678 3709 105).

213 3734 378 3808 Alloqur'um
405 3753 458 3810 pro
485 3753 610 3794 sermone
636 3750 665 3806 2,
691 3750 752 3810 123,
775 3752 806 3811 31
833 3736 1014 3797 subreiectus
1039 3737 1134 3812 primo
1156 3742 1277 3812 aspectu
1304 3736 1377 3795 allo·

129 3835 254 3909 quioque
275 3835 376 3912 (Poet,
398 3833 477 3912 Liv.).

214 3936 318 3994 Aloeus
339 3955 393 4012 pro
415 3938 510 4008 lr'eetre,
531 3956 621 4014 quarn
644 3957 747 3999 vocem
764 3940 893 3999 invenies
910 3954 935 4010 2,
957 3953 1017 4014 107,
1035 3955 1060 4009 2,
1083 3940 1199 4016 ponitur
1216 3955 1241 4008 2,
1265 3951 1327 4012 107,
1349 3955 1375 3996 1:

129 4042 278 4106 cavatum,
309 4045 342 4094 ut
372 4037 426 4098 illis
457 4057 526 4120 mos¹
554 4050 613 4110 est,
648 4059 684 4099 ex
716 4043 838 4101 materia
863 4040 891 4118 (i.
919 4061 945 4101 e.
973 4059 1009 4100 ex
1035 4059 1094 4100 uno
1122 4042 1233 4100 arboris
1259 4048 1374 4109 trunco,

131 4135 247 4196 Graece
269 4131 459 4215 ,μονόξυλον
481 4137 622 4219 πλοῖον)
643 4144 814 4203 conscendit
831 4144 946 4204 alveum
963 4142 1034 4218 (Liv.
1055 4160 1076 4214 1,
1099 4160 1127 4217 4,
1152 4142 1183 4213 6,
1206 4158 1246 4212 21,
1269 4140 1315 4210 26,
1339 4141 1375 4216 9).

213 4240 373 4316 Appellatio
394 4260 448 4318 pro
470 4247 627 4315 nemeina,
652 4260 707 4320 125,
730 4261 759 4319 5:
778 4256 954 4306 ornamenta
976 4244 1161 4321 triumphalia
1183 4261 1251 4304 curn
1273 4243 1375 4362 appel·

128 4339 236 4399 latione
257 4341 446 4418 imperatoria
467 4347 572 4404 meruit
595 4342 728 4424 (Cic.)

213 4445 377 4505 Arundr‘net
364 4451 475 4516 t‚um2
501 4463 546 4522 19,
570 4465 600 4506 2:
627 4456 775 4510 extractus
802 4452 976 4511 arundineto
998 4448 1110 4510 Marius
1136 4447 1214 4508 circa
1235 4447 1375 4524 paludem
