3268 5016
673 334 875 396 ,25-

234 505 499 581 Lacernoluspro:
530 507 648 564 lacerna
671 507 787 564 sedulus
814 521 843 576 2,
867 504 928 576 80,¹
944 522 976 582 3:
1009 507 1118 584 quippe
1144 525 1212 567 cum
1234 507 1350 566 inermis
1373 513 1402 567 et

150 607 316 666 lacernatus
339 614 415 666 esset
436 603 510 684 (Juv.
536 623 557 676 1,
582 606 630 674 62;
654 607 731 666 Petr.
755 606 802 684 69,
827 603 864 684 5).
905 606 979 667 Vell.
1002 625 1027 678 2,
1051 623 1097 684 70,
1121 623 1152 668 2:
1175 609 1293 668 lacerna
1314 611 1403 684 caput

151 708 349 769 circumdedit.
387 708 523 768 Lacerna
545 709 624 767 enim
646 716 691 768 est
712 711 800 770 vestis
821 710 968 770 cucullata
982 697 1117 781 crassior,
1140 727 1231 788 quam
1252 711 1283 768 in
1300 709 1403 770 militia

149 818 181 869 et
203 811 307 870 itinere
330 810 437 870 milites
459 810 499 870 ad
522 810 682 870 arcendum
705 811 797 888 frigus
819 816 852 870 et
874 812 1001 888 pluviam
1023 812 1189 889 gestabant.
1253 795 1257 804 ⁴

235 913 358 973 Prosus.
403 914 500 972 Proca
523 914 691 990 eloquentia
713 933 767 990 pro
789 914 885 974 soluta
907 915 1041 974 oratione
1061 909 1143 990 (Cic.)
1166 931 1188 985 1,
1212 929 1252 990 17,
1274 930 1306 989 31
1335 921 1402 990 per·¹
1454 928 1461 935 ·

159 1016 270 1074 sectum
288 1033 395 1091 prosae
412 1015 596 1092 eloquentiae
614 1014 713 1074 decus.
744 1017 836 1076 Prosa
852 1017 946 1076 oratio
963 1025 1072 1076 exstat:
1095 1016 1159 1076 Col.
1180 1032 1216 1087 11,
1237 1033 1258 1086 1,
1279 1031 1305 1086 13
1328 1013 1401 1074 Plin.

148 1118 178 1177 h.
200 1137 228 1176 n.
251 1131 276 1193 7,
299 1112 422 1194 56157),
444 1133 513 1193 2053
536 1117 603 1176 Sen.
626 1135 672 1194 ep.
697 1135 748 1195 94,
771 1133 819 1197 273
846 1117 947 1190 Quint.
973 1136 998 1190 1,
1021 1135 1050 1195 5,
1075 1117 1121 1188 183
1147 1117 1226 1178 Suet.
1249 1117 1326 1193 Aug.
1350 1115 1400 1195 853

152 1217 258 1279 Claud.
282 1235 320 1288 1.;
343 1219 482 1292 1)0111.4.

238 1319 429 1380 Sacerdotula}
447 1336 478 1391 2,
503 1337 565 1395 124,
588 1337 620 1394 4:
648 1323 863 1398 quo'tempore
881 1322 951 1381 mihi
973 1321 1114 1398 fratrique
1136 1339 1218 1393 meo,
1237 1319 1400 1381 candidatis

152 1421 298 1493 Caesaris,
320 1423 453 1499 proxime
475 1441 494 1482 a
517 1423 703 1490 nobilissimis
725 1441 762 1484 ac
783 1423 1014 1492 sacerdotalibus
1035 1425 1100 1484 viris
1123 1425 1262 1484 destinari
1283 1431 1401 1501 praeto·

152 1525 232 1582 ribus
259 1525 382 1600 contigit
413 1521 515 1603 (Orelli
542 1525 634 1585 Inscr.
662 1523 749 1601 4981:
781 1525 970 1586 sacerdotalis
996 1527 1051 1596 vir;
1078 1527 1150 1585 Plin.
1178 1545 1225 1603 ep.
1246 1540 1271 1602 7,
1294 1543 1344 1601 24,
1367 1524 1400 1585 6:

153 1626 350 1687 sacerdotales
371 1625 450 1703 ludi).

239 1728 359 1788 Rectius
385 1728 592 1807 Part.-Adject.
619 1747 671 1805 per
697 1729 918 1788 translationem
946 1729 983 1788 de
1006 1746 1095 1804 opere
1110 1729 1271 1806 'scriptoris
1298 1729 1402 1789 dicitur

151 1849 221 1908 pro:
256 1832 348 1891 brevis
370 1846 399 1901 2,
422 1831 474 1903 89,
501 1847 527 1890 1:
559 1848 597 1889 ne
622 1831 653 1888 in
675 1831 771 1906 operis
794 1830 911 1906 quidem
931 1831 1000 1908 justi
1022 1830 1159 1902 materia,
1186 1831 1295 1890 nedum
1317 1832 1401 1910 hujus

153 1943 217 1992 tam
244 1933 328 1993 recisi
354 1933 443 2010 digne
468 1932 589 2010 exprimi
615 1938 721 2007 potest.
764 1929 810 1990 Cf.
832 1932 906 1991 Plin.
929 1949 975 2007 ep.
1000 1948 1026 2001 1,
1049 1947 1101 2003 20,
1123 1931 1155 1990 8:
1187 1951 1224 1992 ea
1252 1933 1345 1992 recisa
1371 1940 1400 1992 et
1512 1979 1514 1983 .

151 2043 312 2111 repurgata
338 2037 368 2093 iu
395 2051 485 2092 unum
511 2034 617 2093 librum
641 2041 801 2094 coartasse.
845 2035 893 2093 Ad
919 2043 1034 2111 tempus
1060 2035 1184 2095 refertur
1205 2035 1283 2111 apud
1305 2035 1400 2095 Hadr.

149 2139 220 2214 imp.
243 2156 290 2214 ap.
314 2135 440 2197 Callistr.
462 2136 521 2212 dig.
545 2151 591 2212 47,
613 2152 658 2204 21,
682 2154 708 2195 2.

236 2238 422 2319 Subres‘ectus
448 2231 553 2315 (ἅπαξ
578 2233 780 2323 εἰρημένον),
801 2238 841 2298 ab
862 2239 1001 2298 inusitato
1028 2240 1124 2316 verbo
1143 2240 1295 2301 subrelicio
1327 2240 1401 2299 deri·

37 2357 41 2365 ·
148 2348 249 2399 vatum
267 2340 450 2418 adjectivum,
469 2359 524 2418 pro
541 2344 686 2416 aliquanto
705 2341 811 2418 resecto
829 2349 925 2400 exstat
939 2357 963 2412 2,
981 2355 1038 2416 123,
1058 2357 1088 2416 3:
1103 2341 1286 2401 subrefectus
1305 2343 1399 2418 primo

151 2450 312 2517 conspectu
334 2441 523 2519 alloquioque
544 2442 686 2501 carissimi
707 2443 761 2501 sibi
783 2442 908 2518 spiritus.

244 2543 410 2602 Teutonicus
428 2545 446 2602 i.
465 2563 491 2606 e.
510 2544 549 2602 ad
569 2544 721 2603 Teutonos
739 2545 887 2618 pertinens
905 2559 930 2626 2,
950 2560 1011 2615 120,
1031 2548 1063 2604 b:
1085 2541 1230 2622 (hostium)
1252 2546 1301 2622 qui
1320 2545 1399 2624 Cim·
1477 2530 1479 2532 ’

151 2645 263 2703 bricam
281 2644 537 2722 Teutonicamque
555 2645 687 2704 militiam
704 2643 808 2705 ltaliae
831 2646 1019 2706 minabantur
1040 2643 1117 2722 (vat.
1131 2645 1217 2705 Max.
1235 2647 1292 2718 bis;
1311 2647 1401 2707 Clau·

152 2745 231 2804 dian.
253 2747 283 2804 in
304 2745 427 2822 Eutrop.
450 2747 507 2816 bis3
530 2746 661 2805 Frontin.
685 2763 711 2821 1,
734 2763 763 2817 2,
787 2745 819 2816 6;
842 2747 928 2824 Prop.
951 2756 981 2807 et
1003 2747 1109 2824 Mart).
1130 2779 1173 2791 -

237 2845 406 2907 Nonnulla
429 2847 535 2906 deinde
553 2846 681 2925 Vellejus
705 2847 849 2926 adjectiva
869 2848 959 2908 habet
980 2867 1142 2927 eorumque
1163 2853 1398 2928 significationes,

150 2964 228 3024 quae
250 2949 329 3025 apud
351 2950 514 3026 superiores
535 2957 640 3026 poetas
662 2948 840 3026 frequentius
862 2951 1060 3011 inveniuntur:

234 3051 368 3110 Actiacas
390 3053 408 3110 i.
427 3069 452 3110 e.
475 3050 515 3110 ad
531 3052 651 3109 Aetium
672 3052 774 3109 urbem
796 3053 943 3128 pertinens
965 3069 991 3123 2,
1009 3053 1057 3124 86,
1076 3071 1106 3124 2;
1129 3071 1154 3126 2,
1174 3043 1222 3125 88,
1242 3071 1267 3114 1:
1290 3056 1399 3115 bellum

148 3147 229 3225 (Ov.,
253 3154 357 3230 Verg.,
380 3153 454 3212 Plin.
475 3155 557 3231 mai,
580 3153 667 3223 Tac,
690 3152 747 3227 al).

239 3253 344 3329 Capax
370 3255 506 3316 absolute
533 3255 638 3314 dicitur
669 3270 696 3326 1,
724 3253 773 3326 62,
801 3271 831 3314 2:
862 3255 984 3332 capacia
1014 3257 1134 3333 ingenia
1160 3259 1300 3336 cujusque
1328 3258 1399 3318 clari

150 3358 245 3433 operis
266 3356 340 3433 (Ov.,
363 3359 447 3429 Hor,
470 3359 567 3428 Lucr,
590 3359 638 3418 Sil.
662 3358 738 3428 Ital,
762 3358 836 3418 Plin.
860 3360 962 3429 ambo,
990 3359 1028 3416 ci.
1049 3359 1158 3419 Klotzii
1179 3360 1261 3419 lexic.
1285 3359 1398 3437 Latin).

233 3460 402 3518 Dritractus
423 3462 441 3518 i.
464 3479 538 3537 sqq.
561 3463 683 3536 negotiis
705 3466 904 3536 accopulata,
930 3477 990 3534 114,
1015 3477 1041 3519 1:
1064 3471 1219 3538 tamquam
1241 3462 1399 3522 distractis·

150 3561 242 3622 simus
265 3561 313 3620 ille
334 3569 484 3620 tantorum
505 3581 628 3639 operum
650 3562 728 3621 mole
747 3563 813 3621 huic
831 3563 880 3620 uni
897 3563 1016 3638 negotio
1034 3571 1153 3623 vacaret
1171 3564 1285 3623 animus
1303 3561 1398 3638 (Lucr.

149 3681 178 3738 4,
202 3663 255 3741 691
279 3665 327 3725 ed.
348 3663 485 3723 Lachm:
509 3673 538 3724 et
560 3665 676 3724 divisior
698 3665 772 3722 inter
794 3683 825 3723 se
848 3683 884 3723 ac
905 3665 1071 3726 distractior
1092 3667 1193 3742 actus).

236 3766 379 3827 Genitalis
401 3767 482 3844 apud
502 3776 607 3844 poetas
625 3767 789 3844 superiores
807 3767 865 3825 vim
883 3766 973 3826 habet
990 3768 1139 3848 gignendi,
1163 3776 1196 3827 ut
1214 3769 1293 3845 apud
1311 3768 1397 3828 Lucr.

149 3885 178 3938 2,
201 3868 236 3927 62
260 3876 289 3928 et
311 3868 367 3928 Ov.
390 3878 459 3929 met.
484 3885 532 3946 15,
555 3887 611 3948 239
633 3869 774 3946 genitalia
796 3887 922 3945 corpora
948 3878 1016 3928 sunt
1042 3870 1200 3941 elementa,
1229 3889 1265 3929 ex
1292 3871 1398 3946 quibus

150 3971 250 4029 omnia
271 3971 433 4047 gignuntur
454 3980 484 4031 et
506 3972 586 4048 apud
600 3974 690 4048 Verg.
709 3989 811 4048 georg.
834 3986 859 4041 2,
878 3986 933 4046 3²4
956 3970 1093 4029 dicuntur
1114 3972 1253 4046 genitalia
1274 3972 1396 4031 semina.

148 4072 230 4131 Inter
252 4071 337 4131 solut.
361 4082 435 4133 orat.
457 4074 612 4150 scriptores
634 4075 745 4149 primus
766 4091 837 4131 usus
859 4080 904 4131 est
931 4073 988 4132 hoc
1014 4073 1159 4153 adjectivo
1181 4073 1309 4151 Vellejus
1331 4091 1397 4151 pro:

148 4178 256 4236 natulis
278 4192 303 4248 2,
327 4189 351 4252 7,
375 4191 405 4253 7:
428 4196 497 4237 cum
518 4178 648 4237 viderent
668 4185 751 4238 tanto
773 4179 967 4253 potentiorem
988 4177 1070 4253 Tyro
1092 4176 1316 4260 Carthaginem,
1341 4174 1397 4253 Cy-

148 4280 243 4339 zicum
265 4297 301 4338 ac
318 4279 491 4356 Byzantium
510 4277 612 4339 Mileto
635 4279 756 4355 genitali
779 4278 843 4338 solo
864 4276 1073 4354 (,Mutterland,'
1092 4273 1290 4354 Vaterstadt‘).
1321 4277 1397 4337 Item

147 4382 276 4456 genitale
302 4382 399 4441 solum
425 4363 583 4441 invenitur:
614 4384 713 4440 Amm.
741 4380 834 4440 Marc.
861 4394 900 4455 17,
926 4397 968 4450 12,
990 4397 1035 4450 21;
1062 4379 1196 4439 Cassiod.
1220 4397 1279 4438 var.
1309 4396 1335 4451 1,
1359 4395 1395 4452 42

146 4492 176 4544 et
202 4499 252 4560 433
280 4485 400 4561 Vopisc.
423 4483 492 4541 Aur.
520 4500 549 4559 3,
574 4499 597 4543 2.
644 4483 778 4542 Similiter
805 4482 909 4542 dicitur
936 4481 1071 4557 genitalis
1099 4482 1273 4558 sedes-pro:
1300 4481 1395 4558 patria
