3268 5016
653 279 695 288 -
739 261 774 321 ³⁵
807 276 857 337 „-

622 483 687 554 De
721 481 879 556 Verbis.

213 640 248 698 In
265 656 321 698 usu
338 639 493 696 verborum
511 653 609 696 sermo
632 635 801 713 Vellejanus
823 639 862 695 ab
885 655 1000 709 aureae,
1019 656 1096 716 quae
1117 646 1246 710 vocatur,
1268 642 1376 700 aetatis

125 743 270 802 latinitate
287 742 317 799 in
335 758 371 799 eo
388 739 517 798 maxime
535 739 681 810 abhorret,
700 727 780 816 quod
797 739 845 800 ille
862 740 1007 816 permulta
1024 741 1113 800 verba
1130 743 1270 802 inusitate
1282 751 1378 802 trans·

125 845 204 914 tulit,
237 844 295 904 alia
324 860 486 920 eorumque
511 841 739 917 significationes
771 848 801 900 et
832 849 990 901 structuras
1017 861 1035 900 a
1062 843 1257 922 superioribus
1283 847 1376 921 poetis
1420 849 1422 854 '

124 945 301 1021 desumpsit,
330 945 389 1003 alia
417 944 551 1004 absolute
577 945 673 1021 posuit
702 940 769 1016 (vid.
796 955 885 1021 supra
910 962 939 1020 p,
966 943 1000 1019 7).
1053 946 1089 1004 ln
1115 946 1209 1006 verbis
1229 947 1377 1006 *novandis
1427 959 1430 966 ’

123 1056 230 1108 contra
240 1047 371 1125 Velleius
386 1045 573 1122 parcissimus
588 1044 642 1104 luit
658 1054 748 1122 atque
766 1045 839 1106 haec
852 1044 915 1104 sola
933 1045 1045 1105 videtur
1056 1047 1166 1123 primus
1180 1049 1377 1126 usurpavisse:

215 1147 475 1224 Cr'rcumnaaigare
496 1139 564 1223 (iira-
583 1141 701 1231 εἰρημ.)
718 1164 743 1218 2,
764 1151 828 1219 100,
848 1165 880 1223 3:
903 1148 1012 1220 classis,
1030 1168 1106 1226 quae
1123 1147 1237 1208 Oceani
1247 1137 1377 1210 'circum-

124 1251 317 1324 navigaverat
343 1251 424 1308 sinus
450 1247 637 1324 (Germanice
664 1248 766 1308 mellus
793 1250 930 1308 vertimus
956 1251 995 1320 ,in
1022 1249 1080 1310 den
1102 1250 1234 1312 Buchteu
1260 1251 1377 1312 umber·

122 1350 277 1427 schiffen‘).
365 1345 366 1348 '
1286 1433 1288 1438 ,

211 1455 396 1530 Dr'spungere
416 1453 574 1512 insolenter
595 1453 698 1512 dicitur
721 1470 786 1531 pro:
809 1453 987 1523 distribuere,
1006 1455 1190 1529 dritt'rrguere,
1209 1454 1326 1536 sedita,
1346 1463 1377 1514 ut

123 1556 164 1616 de
186 1557 272 1615 rebus
295 1573 391 1614 sermo
409 1555 466 1624 fiat,
485 1554 590 1631 quibus
608 1555 718 1632 aliquid
735 1555 935 1632 interponitur,
955 1555 1035 1632 quod
1057 1543 1131 1614 alius
1149 1557 1263 1632 generis
1285 1566 1376 1616 estet

122 1677 185 1735 quo
207 1658 275 1716 illae
297 1675 343 1716 res
365 1657 513 1715 variantur
536 1673 558 1727 r,
583 1673 623 1732 13,
645 1673 677 1734 3:
696 1658 888 1735 nequeenim
905 1657 1062 1734 quisquam
1084 1658 1141 1718 hoc
1162 1658 1296 1736 Scipione
1318 1659 1376 1718 ele·
1450 1648 1453 1653 ’

119 1761 241 1836 gantius
260 1759 413 1818 intervalla
431 1757 617 1833 negotiorum
635 1760 695 1818 otio
713 1759 859 1835 dispunxit
877 1755 903 1835 (i.
922 1777 948 1818 e.
967 1757 1119 1830 distribuit,
1139 1759 1275 1833 distinxit,
1293 1761 1377 1838 quasi

120 1863 293 1938 diligentem
320 1863 465 1920 rationem
491 1861 586 1919 iniens
615 1859 755 1918 horarum
780 1868 810 1918 et
837 1857 994 1936 temporis).
1038 1859 1129 1919 Simili
1161 1879 1248 1920 sensu
1274 1861 1378 1922 Cicero

124 1964 225 2034 verbo,
248 1963 328 2040 quod
351 1971 395 2022 est
416 1963 634 2040 interpungere,
656 1963 746 2020 utitur
767 1969 839 2020 orat.
860 1959 902 2030 re,
925 1977 973 2037 53:
996 1960 1133 2022 distincta
1151 1963 1223 2023 alios
1245 1972 1274 2023 et
1291 1965 1378 2023 inter·

124 2072 235 2140 puncta
253 2065 411 2135 intervalla,
431 2083 533 2123 morae
550 2065 813 2140 respirationesque
831 2057 991 2133 delectatum
1006 2074 1036 2125 et
1054 2065 1091 2124 de
1109 2072 1183 2125 orat.
1201 2081 1226 2136 2,
1242 2067 1291 2136 80,
1311 2066 1377 2140 328:

123 2169 255 2226 narratio
273 2167 407 2228 distincta
424 2156 555 2244 personis
573 2175 602 2224 et
620 2167 805 2241 interpuncta
828 2166 1021 2230 sermonibus.
1058 2166 1244 2244 Dispungere
1262 2171 1378 2244 proprie
1403 2222 1406 2227 .

122 2278 170 2328 est
196 2279 306 2346 puncto
332 2278 436 2329 notare
462 2276 552 2346 atque
578 2267 645 2326 hinc
671 2267 841 2335 numerare,
868 2267 946 2326 velut
972 2268 1051 2346 apud
1073 2269 1140 2328 Sen.
1167 2270 1203 2328 de
1225 2271 1303 2328 brev.
1331 2273 1378 2354 vit.

121 2387 150 2447 5,
178 2385 194 2446 7
222 2381 251 2431 et
273 2372 341 2431 inde
363 2373 392 2430 in
419 2370 584 2429 elocutione
612 2368 798 2445 ,dispungere
820 2369 976 2441 rationem,
1004 2371 1141 2431 rationes‘
1166 2371 1293 2430 eandem
1320 2373 1377 2430 vim

123 2473 223 2542 habet,
242 2491 332 2549 quam
354 2473 532 2542 exanimare,
555 2472 631 2531 velut
653 2472 732 2548 apud
750 2470 813 2531 Col.
836 2488 862 2547 3,
881 2488 907 2547 3,
929 2488 957 2531 12
976 2482 1006 2532 et
1022 2474 1088 2534 Sen.
1106 2475 1143 2534 de
1160 2473 1276 2548 ben..4‚
1295 2489 1341 2556 32,
1358 2490 1377 2546 4

124 2582 156 2632 et
175 2575 247 2650 juris
270 2574 429 2633 consultos.
1232 2576 1233 2580 ’

212 2676 392 2746 Exarmare,
415 2675 495 2751 quod
513 2676 631 2751 proprie
649 2676 792 2752 significat
809 2679 898 2736 armis
916 2677 1048 2752 spoliare,
1067 2694 1174 2736 exuere
1192 2676 1282 2754 alqm,
1300 2694 1378 2754 quae
1426 2736 1427 2740 ,

122 2777 300 2852 significatio
326 2776 438 2836 videtur
464 2787 580 2836 exstare
605 2778 684 2853 apud
710 2778 836 2855 primum
862 2779 1001 2838 Tacitum
1031 2775 1105 2856 (hist.
1134 2797 1156 2850 1,
1184 2777 1238 2856 31),
1271 2777 1377 2863 deinde

124 2877 206 2955 apud
220 2879 392 2939 Suetonium
410 2875 506 2954 [Dom.
526 2875 565 2954 15]
582 2875 653 2953 (Liv.
671 2895 699 2954 4,
720 2897 764 2952 10,
783 2895 813 2956 7:
832 2881 1016 2940 dearmatum
1034 2881 1194 2940 exercitum
1207 2882 1261 2940 sub
1273 2882 1377 2958 jugum

123 2977 264 3056 miserat),
288 2981 429 3040 translate
446 2981 564 3057 ponitur
581 2998 600 3039 a
619 2981 732 3060 Vellejo
754 3001 807 3058 pro
825 3001 870 3053 eo,
893 2966 973 3058 quod
990 2989 1034 3042 est
1051 2984 1206 3053 debilitare,
1225 2982 1377 3057 infirmare

126 3097 152 3151 2,
182 3096 221 3157 17,
250 3100 274 3140 r:
306 3083 409 3142 Italico
430 3082 521 3154 bello,
553 3101 613 3159 quo
639 3084 758 3160 quidem
785 3084 912 3142 Romani
938 3085 1019 3144 victis
1049 3085 1221 3160 afflictisque
1247 3084 1300 3160 ipsi
1317 3093 1376 3142 'ex-

125 3185 245 3253 armati,
276 3202 367 3260 quam
394 3185 514 3260 integris
541 3185 682 3243 universis
710 3184 856 3244 civitatem
882 3186 953 3244 dare
975 3185 1141 3244 maluerunt
1171 3171 1255 3261 (Ptin
1277 3202 1323 3259 ep.
1349 3199 1375 3258 3,

125 3301 155 3360 9,
178 3300 228 3360 ²9:
251 3285 337 3355 Petr,
360 3284 447 3355 Flor.,
471 3285 519 3344 Sil.
542 3285 617 3356 ital,
640 3281 695 3360 ai).
1152 3267 1153 3272 ἵ

213 3386 400 3445 Excalceare.
446 3387 542 3465 Hujus
560 3387 639 3446 verbi
658 3386 753 3446 forma
774 3389 891 3464 passiva
909 3407 962 3464 pro
985 3389 1083 3449 media
1100 3405 1153 3466 pro
1171 3406 1217 3460 e0,
1235 3387 1319 3466 quod*
1332 3395 1377 3446 est

124 3487 243 3548 calceos
266 3488 319 3546 sibi
343 3487 506 3552 detrahere.
526 3497 682 3565 usurpatur
699 3504 724 3559 2,
743 3485 786 3562 '41,
805 3507 836 3565 3:
858 3491 900 3548 ita
917 3490 995 3566 apud
1014 3508 1063 3550 eos
1080 3486 1209 3568 (piratas)
1226 3509 1258 3550 se
1276 3491 1373 3565 gessit,

125 3598 157 3648 ut
180 3607 277 3666 neque
299 3607 440 3666 umquam
463 3598 514 3648 aut
536 3591 583 3648 die
605 3599 657 3649 aut
674 3597 761 3649 nocte
783 3599 834 3650 aut
855 3591 1070 3650 excalcearetur
1092 3599 1144 3651 aut
1166 3592 1375 3667 discingeretur

122 3688 213 3763 (Suet.
226 3690 329 3748 Veteil.
339 3706 354 3747 2
364 3690 498 3766 (Rothius
508 3689 682 3767 excalciare)
687 3708 695 3762 3
706 3690 743 3750 de
752 3693 897 3750 cothurno
906 3694 1023 3768 ponitur
1031 3692 1099 3752 Sen.
1110 3713 1155 3770 ep.
1161 3692 1192 3764 8,
1203 3692 1260 3752 8et
1268 3692 1313 3770 76,
1324 3709 1372 3768 3ι;

126 3793 227 3866 partic.
249 3792 322 3868 perf.
345 3810 422 3868 pass.
447 3798 542 3852 exstat
558 3793 636 3852 Suet.
656 3794 746 3870 Vesp.
765 3792 796 3864 83
819 3793 907 3854 Mart.
928 3809 966 3866 12,
984 3793 1027 3870 87.
1058 3795 1273 3872 Deponentium
1291 3812 1374 3868 more

125 3893 182 3952 hoc
198 3893 374 3953 vocabulum
397 3901 519 3970 usurpat
540 3901 570 3952 et
591 3913 659 3952 curn
682 3914 765 3971 pron.
788 3895 849 3954 reti.
872 3915 900 3953 se
922 3896 1072 3973 conjungit
1095 3897 1190 3956 Varro
1212 3897 1289 3973 apud
1311 3896 1373 3954 No·

124 3997 208 4054 nium
230 3995 296 4071 478,
322 4012 366 4072 13:
390 4013 480 4054 nemo
502 4014 533 4055 se
556 3996 750 4056 excalceatur.
994 3979 997 3986 “

211 4098 372 4157 Innutrr're.
415 4097 582 4156 Innutritus
608 4097 693 4156 alicui
720 4099 761 4158 rei
788 4099 903 4164 dicitur,
932 4100 980 4176 qui
1005 4099 1067 4177 jam
1088 4101 1182 4176 prima
1209 4119 1228 4158 a
1249 4099 1372 4175 pueritia

122 4200 306 4259 assuefactus
329 4206 373 4258 est
394 4199 494 4276 aliqua
515 4218 546 4258 re
566 4215 593 4270 2,
616 4216 664 4276 94,
686 4217 716 4258 2:
744 4202 810 4261 Tib.
832 4200 971 4261 Claudius
994 4199 1074 4260 Nero
1096 4202 1248 4260 innutritus
1275 4202 1372 4261 caele·

123 4302 212 4358 stium
234 4307 459 4376 praeceptorum
482 4289 638 4376 disciplinis
659 4297 735 4376 (Seri.
759 4303 797 4360 de
817 4304 861 4362 ira
884 4320 906 4373 1,
932 4319 968 4373 rr,
987 4319 1002 4360 2
1020 4302 1069 4380 (3);
1092 4303 1165 4362 Tac.
1184 4321 1253 4363 ann.
1272 4302 1300 4374 6,
1319 4303 1371 4378 48;

124 4399 196 4460 Plin.
220 4420 265 4478 ep.
288 4418 316 4476 9,
338 4418 383 4477 33,
407 4401 439 4472 6;
458 4420 526 4477 pan.
552 4400 597 4472 16;
620 4403 699 4462 Suet.
723 4407 800 4480 Aug.
823 4422 853 4480 3;
877 4405 924 4464 Sil.
946 4405 982 4464 It.
1004 4421 1028 4474 2,
1051 4403 1123 4480 286).

1142 4509 1164 4562 ³⁸
