3268 5016
753 311 962 372 ..50-

318 485 518 558 Praecrprtare
539 482 753 559 rempublicam
775 497 804 552 2,
829 498 880 557 49,
906 499 932 540 1:
955 481 1062 558 quieta,
1088 488 1139 540 aut
1160 489 1240 540 certe
1263 499 1323 538 non
1346 479 1490 555 praecipi-

235 594 299 646 tata
321 583 480 660 republica,
504 591 536 642 ut
557 581 619 640 Liv.
643 598 684 664 22,
711 599 749 651 12,
775 599 816 641 11:
839 582 878 641 ad
899 580 1152 658 praecipitandam
1174 581 1396 656 rempublicam.

325 687 494 745 Praeterire
521 701 575 761 pro
602 694 753 759 superare,
773 689 928 758 praestare
955 683 1059 741 dicitur
1083 699 1109 752 1,
1134 694 1177 756 17,
1200 689 1229 756 7:
1261 682 1311 738 ubi
1342 683 1491 757 praeteriri

234 796 284 848 aut
307 787 428 864 aequari
450 804 501 844 eos
524 804 611 863 posse
635 785 854 862 desperavimus
875 784 982 858 (Varro
1005 802 1027 841 r.
1050 802 1072 840 r.
1096 800 1118 852 1,
1144 798 1166 852 1,
1192 797 1240 852 10;
1262 782 1349 841 Auct.
1369 782 1442 842 decl.
1461 784 1491 842 in

233 889 301 950 Sall.
326 907 347 960 1,
371 889 405 963 2).
506 941 514 957 ,
608 918 613 925 -

319 991 437 1066 Rapere
459 1009 488 1048 se
515 989 556 1046 ad
576 988 656 1064 alqm
679 1005 708 1058 2,
731 987 780 1062 85,
805 987 837 1046 6:
866 1006 933 1046 cum
961 1006 993 1046 se
1016 986 1156 1046 Canidius
1179 986 1331 1063 praecipiti
1353 985 1424 1061 fuga
1447 1005 1495 1046 ra·

237 1094 346 1168 puisset
368 1091 408 1150 ad
431 1091 600 1150 Antonium.
637 1088 682 1148 Cf.
706 1087 767 1149 Cic.
790 1089 862 1148 Phil.
888 1105 928 1164 13,
951 1087 977 1158 8,
1004 1087 1049 1146 18:
1079 1088 1146 1146 inde
1169 1106 1201 1147 se
1223 1105 1282 1164 quo
1306 1086 1411 1154 lurore,
1434 1106 1494 1164 quo

236 1194 342 1252 ardore
364 1192 403 1252 ad
424 1192 537 1262 urbem,
560 1191 590 1249 id
611 1199 657 1249 est
678 1191 717 1250 ad
739 1191 861 1250 caedem
884 1191 988 1267 optimi
1008 1191 1150 1267 cujusque
1171 1189 1313 1265 rapiebat.

321 1295 474 1354 Rebellare
499 1294 517 1351 i.
546 1312 569 1352 s.
598 1293 754 1369 q.'bellum
777 1312 930 1363 renouare,
963 1309 1037 1350 non:
1069 1290 1227 1349 tumultum
1257 1308 1376 1349 movere
1407 1308 1493 1366 prae·

237 1406 325 1456 eunte
347 1396 429 1454 Livio
452 1394 624 1470 saepissime
645 1392 726 1469 apud
749 1393 909 1470 Vellejum,
936 1399 969 1451 ut
994 1411 1016 1462 1,
1041 1411 1078 1462 11,
1103 1409 1131 1462 2;
1155 1409 1180 1462 2,
1204 1409 1247 1467 23,
1271 1409 1303 1467 4;
1327 1409 1351 1462 2,
1376 1407 1442 1464 100,
1468 1409 1493 1462 1;

236 1515 261 1567 2,
286 1514 346 1568 110,
370 1513 397 1572 3.
482 1511 484 1518 ’
637 1555 639 1562 ,
743 1493 745 1497 ’
1163 1494 1165 1498 ’

320 1599 524 1677 Resrr'germi
539 1597 687 1673 passivum
706 1613 760 1672 pro
778 1595 877 1654 medio
894 1614 948 1671 pro
967 1599 1095 1654 alienari
1113 1597 1152 1655 ab
1175 1597 1244 1673 alqo
1265 1592 1335 1671 (Cic.
1357 1593 1430 1652 Phil.
1444 1610 1493 1669 ,12,

148 1731 152 1739 ·
238 1718 266 1774 4,
292 1696 338 1777 10)
361 1715 386 1769 2,
410 1699 456 1775 83,
480 1713 509 1756 2:
532 1697 719 1772 refrigeratus
742 1697 780 1755 ab
803 1698 933 1756 Antonio
955 1699 1112 1774 transfugit
1134 1698 1173 1757 ad
1196 1695 1363 1758 Caesarem.
1391 1696 1492 1755 Ruhn-

171 1835 172 1840 .
239 1801 343 1860 kenius
366 1800 554 1875 refrigeratus
576 1817 628 1874 per
651 1797 767 1873 ,frigide
788 1801 938 1873 exceptus‘
960 1800 1175 1874 interpretatur.

325 1902 494 1977 Resurgere
516 1919 569 1976 per
586 1900 810 1959 translationem
834 1898 967 1957 debello
989 1899 1093 1957 dicitur
1119 1918 1173 1976 pro
1195 1902 1285 1957 denuo
1307 1902 1493 1958 exardescere

238 2023 262 2075 2,
286 2004 331 2074 88,
358 2021 388 2080 3:
412 2005 601 2078 resurrecturi
622 2003 691 2062 belli
713 2003 802 2061 civilis
824 2002 938 2060 initium
960 2003 1092 2060 restinxit
1109 1999 1219 2076 (Verg,
1238 2001 1310 2072 Liv,
1329 2003 1395 2060 Sen.
1414 2000 1493 2076 phil,

239 2107 321 2176 Tac,
345 2105 437 2184 Just).

330 2205 458 2264 Sacrare
480 2224 533 2282 per
555 2205 778 2263 translationem
808 2222 862 2278 pro
884 2223 1048 2262 consecrare
1073 2212 1231 2280 usurpatur
1253 2221 1282 2274 2,
1307 2203 1370 2275 126,
1396 2221 1421 2262 1:
1448 2222 1495 2262 sa·

237 2309 333 2367 cravit
354 2315 508 2384 parentem
531 2325 617 2366 suum
639 2307 750 2366 Caesar
772 2325 833 2365 non
854 2307 984 2382 imperio,
1008 2307 1059 2365 sed
1082 2306 1223 2381 religione
1245 2303 1345 2382 (Poet,
1368 2305 1430 2364 Liv.
1448 2322 1495 2381 39,

237 2426 289 2482 40,
312 2423 343 2484 7:
366 2410 433 2469 vivit
456 2408 625 2485 eloquentia
645 2410 707 2486 ejus
725 2415 841 2466 sacrata
865 2408 976 2483 scriptis
998 2409 1092 2466 omnis
1115 2404 1248 2483 generis).

327 2509 446 2568 Saevr're
470 2512 500 2568 in
523 2509 603 2584 alqm
628 2527 654 2578 1,
676 2524 724 2579 10,
748 2524 779 2580 4:
803 2510 833 2566 in
855 2508 950 2583 ipsum
973 2507 1130 2579 saevirent;
1154 2525 1183 2578 2,
1207 2522 1236 2583 7,
1261 2525 1292 2582 4:
1316 2509 1345 2566 in
1368 2505 1498 2566 Gracchi

238 2609 350 2672 amicos
372 2612 550 2681 saevierant;
574 2605 599 2679 2,
623 2628 663 2686 13,
688 2626 717 2669 2;
740 2629 808 2667 cum
826 2611 856 2667 in
875 2609 982 2669 multos
1005 2610 1079 2668 viros
1102 2611 1275 2681 saevissent;
1299 2627 1323 2680 2,
1347 2609 1391 2686 85,
1414 2626 1444 2684 31
1468 2610 1499 2666 in

238 2715 401 2773 desertores
423 2713 535 2771 saevire
558 2711 709 2770 debuerat.
746 2710 986 2786 Impersonaliter
1009 2727 1034 2779 2,
1057 2727 1099 2780 22,
1126 2728 1152 2768 1:
1175 2712 1205 2769 in
1226 2710 1382 2770 mediocris
1405 2712 1499 2770 saevi-
1527 2764 1530 2768 .

238 2824 315 2884 tum;
334 2830 359 2884 2,
374 2812 421 2886 84,
440 2828 473 2884 4:
492 2814 588 2872 ineos
604 2813 768 2880 saevitum;
789 2827 813 2880 2,
833 2827 880 2886 74,
899 2827 931 2884 4:
951 2811 980 2868 in
994 2811 1150 2871 Perusinos
1168 2815 1324 2882 saevitum:
1343 2829 1367 2884 2,
1389 2827 1449 2881 120,
1465 2828 1497 2884 4:

238 2933 308 2974 cum
330 2916 360 2972 in
383 2915 514 2989 captivos
541 2914 710 2972 saeviretur.
744 2913 831 2971 Haec
859 2913 984 2971 elocutio
1004 2913 1066 2990 jam
1088 2915 1158 2973 inde
1179 2915 1296 2973 aLivio
1320 2914 1499 2991 frequentari

241 3025 347 3094 coepta
369 3024 423 3075 est.

326 3117 429 3193 Sepz're
454 3134 506 3192 per
536 3117 760 3178 translationem
792 3117 898 3176 eadem
929 3119 956 3175 vi
983 3118 1111 3193 ponitur,
1144 3135 1204 3194 qua
1229 3121 1341 3188 sedare,
1368 3121 1499 3194 placare,

240 3223 378 3295 quiescere
393 3219 500 3297 facere
522 3234 554 3288 2,
577 3216 629 3292 89,
652 3234 683 3292 3:
707 3220 819 3295 sopitus
842 3220 951 3295 ubique
973 3236 1123 3277 armorum
1146 3218 1239 3288 furor:
1262 3236 1287 3289 2,
1312 3233 1369 3295 123,
1392 3236 1423 3295 31
1447 3219 1500 3277 sed

240 3321 313 3380 haec
334 3321 435 3378 omnia
456 3320 638 3393 imperatoris
661 3320 814 3378 maturitas
836 3321 923 3394 sopiit
940 3328 969 3378 et
991 3320 1107 3378 sustulit
1125 3317 1195 3394 (Cic.
1212 3338 1266 3397 pro
1284 3320 1366 3380 Cael.
1391 3334 1430 3395 17,
1449 3337 1499 3394 41:

184 3473 185 3478 ,
241 3422 336 3497 sopita
360 3421 462 3488 virtus;
487 3419 587 3492 Verg,
611 3419 684 3478 Plin.
708 3422 786 3497 maj,
811 3419 984 3493 Claudiam).
1190 3407 1193 3415 ¹

327 3520 413 3581 Stare
429 3531 487 3596 pre
511 3521 593 3596 alqo,
621 3523 689 3598 alqa
712 3541 743 3580 re
766 3541 817 3598 per
839 3524 1061 3583 translationem
1085 3504 1189 3581 dicitur
1210 3541 1264 3599 pro
1285 3543 1401 3582 eausam
1424 3524 1499 3600 alejs

186 3634 198 3650 ²
241 3628 325 3693 lueri,
348 3624 540 3699 uch'spartes
562 3627 686 3699 requie,
706 3622 753 3697 48,
777 3641 809 3696 4:
832 3624 879 3682 hic
901 3625 996 3700 primo
1017 3641 1071 3699 pro
1094 3624 1214 3700 Pompei
1241 3627 1379 3701 partibus
1403 3625 1431 3683 id
1454 3631 1501 3682 est

242 3743 295 3802 pro
318 3723 476 3799 republica,
500 3741 570 3781 mox
592 3724 777 3782 simulatione
800 3733 903 3784 contra
925 3726 1098 3802 Pompeium
1121 3735 1149 3784 et
1168 3725 1337 3797 Caesarem,
1361 3725 1414 3785 sed
1435 3726 1501 3785 ani·

243 3844 292 3884 mo
315 3843 370 3900 pro
394 3823 524 3883 Caesare
546 3827 638 3896 stetit;
662 3842 692 3894 2,
716 3843 744 3895 2,
769 3843 800 3904 3:
823 3827 957 3902 collegae
978 3844 1032 3903 pro
1054 3828 1133 3886 bono
1156 3828 1273 3904 publico
1295 3829 1384 3887 stanti
1406 3829 1501 3902 impe·

244 3929 318 3984 rium
341 3928 497 4001 abrogavit
518 3924 583 4001 (Ov.
607 3935 660 3984 art.
684 3945 742 3984 am.
768 3909 798 3996 1,
817 3943 891 3997 2οο;
918 3927 981 3985 Ι.ἰν.
1003 3943 1031 3997 2,
1057 3945 1100 3998 12,
1126 3946 1171 4003 14;
1196 3929 1241 4004 38,
1265 3947 1307 4005 23,
1330 3928 1362 4000 8;
1386 3928 1500 4001 Quint,

242 4028 330 4098 Curi,
354 4027 448 4102 Pion).

329 4128 513 4222 Succlamare
536 4130 553 4186 i.
577 4147 599 4187 s.
623 4146 651 4205 q.
674 4132 833 4187 acclamare
854 4127 901 4205 (ct.
925 4130 1071 4190 Plutarch.
1094 4132 1224 4210 Pompej.
1248 4150 1294 4209 25:
1321 4125 1503 4219 ὑπεφώνη-

244 4248 304 4290 σαν
327 4222 484 4303 ἅπαντες)
506 4245 530 4300 2,
554 4245 598 4303 32,
625 4247 651 4288 1:
674 4231 863 4290 succlamavit
885 4233 1022 4293 universa
1045 4234 1147 4292 concio
1170 4233 1234 4304 ,Te‚
1254 4233 1365 4306 Quinte
1382 4235 1501 4294 Catule‘

242 4329 297 4404 (Cf.
328 4329 410 4389 Brut.
442 4331 521 4407 apud
553 4331 614 4390 Cic.
638 4330 708 4390 iam.
733 4351 774 4403 11,
801 4350 845 4408 13,
871 4351 901 4410 3:
934 4337 1148 4394 succlamatum
1179 4338 1205 4394 ei
1237 4346 1293 4403 est:
1324 4335 1401 4406 Liv.,
1430 4337 1502 4395 Val.

244 4431 334 4502 Max,
357 4429 455 4506 Flos).
