3268 5016
683 296 882 355 „⁶1-

157 479 233 563 [21],
266 481 297 560 ι).
321 513 362 526 -
384 482 557 559 tranquillus
588 482 667 540 vultu
698 484 817 558 vitaque
843 499 874 554 2,
904 498 964 558 127,
993 501 1021 557 4.
1045 516 1084 526 -
1108 493 1173 543 trux
1205 485 1356 544 ferocitate
1385 501 1412 554 2,

158 602 203 662 95,
226 602 243 644 2
266 580 368 663 (Tac).

707 753 861 760 -—--—-—-

659 924 735 995 De·
766 921 912 996 Modis.

241 1093 421 1153 Indicativur
451 1094 568 1170 ponitur
595 1095 625 1152 in
652 1097 778 1152 oratione
800 1094 928 1169 obliquo,
959 1095 1039 1172 cujus
1071 1101 1233 1153 structurae
1264 1113 1301 1152 ne
1333 1097 1413 1171 apud

155 1196 282 1272 optimos
314 1194 432 1272 quidem
464 1197 619 1273 scriptores
651 1197 757 1256 desunt
783 1195 927 1272 exempla.
973 1195 1017 1256 Cf.
1041 1196 1159 1255 Kuehn.
1186 1197 1298 1258 Livian.
1331 1197 1411 1274 Synt.

101 1332 107 1340 ·
158 1316 187 1374 p.
210 1313 276 1372 2353
304 1297 410 1362 Madv.
431 1297 531 1356 latein.
562 1298 754 1374 Spiachlehre
781 1295 801 1374 5
824 1296 882 1374 569
905 1277 1052 1356 Anmerlr.'
1073 1313 1103 1367 23
1135 1298 1249 1374 Zumpt.
1279 1299 1415 1358 Gramm.
1524 1330 1527 1335 ·

160 1400 225 1458 Lat.
254 1396 274 1475 5
301 1415 353 1475 553
380 1402 469 1458 Anm.
499 1417 520 1458 1.
540 1430 579 1442 -
605 1400 679 1458 Vell.
707 1415 737 1469 2,
764 1415 811 1474 27,
839 1416 868 1458 2:
900 1400 1038 1459 adiiciens
1068 1418 1232 1476 numquam
1264 1399 1414 1462 defuturos

101 1560 117 1577 5
160 1509 292 1576 raptores
310 1501 414 1560 Italiae
432 1501 572 1560 libertatis
590 1500 683 1576 lupos,
706 1500 761 1560 nisi
779 1501 859 1571 silva,
878 1501 909 1559 in
927 1519 1018 1577 quam
1036 1499 1172 1576 refugere
1198 1501 1294 1561 solent
1312 1499 1415 1580 (Halm

160 1599 317 1680 ‚solerentj
339 1611 416 1662 esset
437 1603 543 1662 excisa.
571 1601 616 1662 Cf.
639 1602 721 1662 Kritz
744 1603 783 1661 ad
805 1603 874 1661 Sall.
898 1603 965 1681 Jug.
984 1601 1029 1677 58,
1048 1619 1067 1678 9
1085 1621 1114 1678 p.
1133 1617 1195 1677 32²·
1214 1634 1254 1644 —
1274 1619 1298 1673 2,
1318 1619 1365 1678 94,
1379 1619 1413 1661 2:

161 1704 220 1781 qui,
248 1713 375 1781 quantus
398 1713 450 1774 est,
473 1705 584 1781 sperari
605 1712 735 1779 poterat;
762 1721 791 1774 2,
816 1718 875 1778 117,
899 1720 929 1779 3:
957 1705 1092 1780 concepit
1114 1723 1179 1764 esse
1200 1706 1343 1774 homines,
1365 1707 1416 1780 qui

160 1806 230 1864 nihil
253 1805 396 1864 haberent
417 1813 533 1880 praeter
555 1822 659 1863 vocem
678 1806 830 1863 hominnm
853 1804 962 1880 quique
984 1805 1090 1879 gladiis
1113 1804 1227 1864 domari
1249 1824 1309 1865 non
1331 1816 1416 1882 pote·

159 1914 234 1976 rant,
262 1924 349 1982 posse
368 1907 433 1983 jure
455 1905 585 1965 mulceri.

249 2007 428 2067 Indr'catrbur
444 2009 574 2086 perfecti
592 2018 755 2084 usurpatur,
778 2011 827 2068 ubi
846 2009 1047 2088 conjunctivus
1065 2009 1344 2086 plusquamperfecti
1366 2031 1417 2069 ex-

160 2117 310 2186 spectatur
327 2126 352 2179 2,
371 2124 413 2190 52,
433 2125 462 2168 2:
481 2110 611 2186 plerique
628 2111 830 2181 hortabantur,
848 2119 881 2169 ut
898 2112 928 2171 in
944 2111 1062 2178 ltaliam
1080 2113 1290 2172 transmitteret
1308 2110 1418 2191 (neque

159 2212 292 2272 hercules
314 2212 472 2288 quicquam
490 2213 621 2288 partibus
639 2213 694 2272 illis
709 2213 854 2274 salubrius
873 2213 943 2290 fuit),
963 2214 1011 2274 alii
1029 2223 1061 2273 ut
1075 2214 1185 2273 bellum
1208 2214 1336 2274 traheret
1358 2224 1415 2275 etc.

162 2313 207 2373 Cf.
225 2313 332 2389 Zumpt
355 2310 375 2389 5
392 2313 453 2389 518.

244 2414 424 2474 Indr'catr'vur
446 2415 572 2494 perfecti
595 2416 625 2473 in
651 2416 775 2492 apodosi
798 2417 1005 2476 enuntiationis
1029 2415 1237 2474 condicionalis
1260 2426 1417 2491 usurpatur

161 2513 261 2576 addita
283 2517 393 2592 protasi
415 2535 466 2592 per
488 2515 652 2592 imperfecti
674 2512 892 2595 conjunctivum
917 2536 938 2588 1,
964 2518 1005 2588 18,
1029 2534 1060 2591 3:
1083 2535 1160 2594 quae
1183 2517 1268 2576 urbes
1291 2526 1419 2577 cunctae

160 2619 324 2678 liberalium
346 2618 507 2677 studiorum
532 2616 612 2676 fuere
634 2619 758 2690 steriles,
782 2620 836 2678 nisi
858 2619 979 2679 Thebas
1002 2637 1094 2676 unum
1116 2636 1149 2678 os
1171 2616 1289 2677 Pindari
1311 2617 1416 2678 illumi·

163 2727 254 2779 naret.
298 2718 343 2778 Cf.
366 2721 473 2796 Zumpt
494 2716 515 2795 5
536 2711 615 2795 5191).

248 2821 414 2879 Praesentis
436 2823 521 2882 r'ndr'c.
544 2840 598 2897 pro
621 2822 718 2882 futuro
741 2802 905 2899 punitura,
928 2839 971 2899 32,
997 2839 1022 2881 1:
1045 2823 1068 2882 si
1091 2823 1161 2900 qnid
1179 2822 1246 2881 huic
1268 2821 1417 2892 acciderit,

153 2939 251 2998 quem
273 2921 302 2980 in
325 2923 386 2999 ejus
408 2922 506 2981 locum
529 2921 717 2984 substituitis?
749 2923 794 2983 Cf.
812 2924 962 2984 Drakenb.
982 2923 1020 2982 ad
1038 2925 1101 2983 Liv.
1119 2941 1146 3000 3,
1164 2923 1202 3000 56
1220 2940 1239 2996 4
1257 2920 1417 3000 (Weissen-

164 3024 238 3081 born
261 3031 289 3081 et
311 3023 403 3082 Hertz
425 3021 569 3102 ‚jubebo‘j

246 3124 336 3197 Quod
358 3125 462 3185 attinet
483 3125 522 3184 ad
544 3143 630 3184 usum
648 3128 824 3203 conjunctivi
842 3127 921 3203 apud
940 3126 1095 3204 Vellejum‚
1118 3127 1243 3203 primum
1267 3133 1313 3185 est
1334 3144 1418 3184 com·

161 3227 387 3286 memorandum
406 3228 501 3286 solum
519 3228 737 3305 conjunctivum
755 3209 991 3304 nonnumquam
1009 3230 1137 3304 positum
1156 3245 1220 3288 esse
1233 3247 1287 3305 pro
1301 3235 1333 3286 ut
1349 3246 1417 3303 par·

161 3327 250 3386 ticula
272 3338 413 3404 sequente
435 3330 634 3408 conjunctivo,
657 3331 736 3388 velut
757 3340 836 3406 post:
860 3331 1033 3392 denuntiare
1055 3349 1084 3404 2,
1108 3332 1161 3403 80,
1181 3349 1196 3390 2
1214 3331 1297 3408 (Ptin.
1317 3350 1363 3407 ep.
1387 3329 1418 3402 ὁ,

160 3445 204 3504 31,
229 3426 282 3500 12j;
305 3429 404 3504 legem
427 3430 502 3490 ferre
524 3447 548 3502 2,
571 3447 617 3508 45,
642 3447 669 3502 r;
692 3441 791 3507 petere
809 3449 833 3503 2,
855 3447 916 3508 107,
939 3451 960 3491 1.
997 3433 1042 3494 Cf.
1066 3434 1183 3494 Kuehn.
1203 3434 1315 3493 Livian.
1334 3433 1417 3509 Synt.

161 3549 189 3606 p.
211 3545 271 3605 227.

249 3631 396 3701 Retulit,
419 3641 451 3691 ut
473 3635 673 3712 conjunctivus
695 3635 816 3711 perfecti
838 3637 992 3695 verborum
1016 3638 1226 3714 deponentium
1253 3644 1419 3712 usurpetur,

162 3735 187 3794 si
208 3735 238 3792 in
261 3735 372 3793 incerto
394 3735 577 3812 relinquitur,
606 3738 676 3814 quid
703 3739 825 3815 scriptor
852 3738 889 3797 de
911 3756 943 3797 re
969 3739 1119 3798 narranda
1146 3738 1264 3809 sentiat,
1292 3738 1372 3796 velut
1395 3754 1419 3806 1,

164 3835 209 3906 18,
232 3853 262 3895 2:
291 3855 387 3912 neque
410 3855 468 3913 ego
490 3838 546 3897 hoc
573 3841 669 3915 magis
696 3841 818 3899 miratus
845 3841 908 3899 sim.
953 3840 1020 3900 Vid.
1043 3841 1143 3900 Madv.
1167 3842 1204 3900 de
1226 3841 1310 3899 form.
1334 3855 1419 3915 quar.

161 3937 241 3996 verbi
264 3938 362 3997 Latini
386 3946 492 3998 natura
514 3949 544 3999 et
566 3959 620 4000 usu
643 3958 668 4000 2.
692 3961 721 4019 p.
744 3958 790 4015 24.
1342 3920 1346 3924 .

252 4037 457 4117 Ccnjunctr'vus
478 4044 609 4122 perfecti
628 4062 695 4103 cum
720 4043 894 4120 imperfecto
917 4045 1088 4122 conjunctus
1115 4051 1212 4102 exstat
1235 4060 1256 4112 1,
1280 4059 1307 4117 9,
1333 4058 1359 4099 1:
1386 4048 1420 4097 ut

163 4140 337 4217 plerumque
367 4145 500 4220 superior
527 4145 613 4204 fuerit
643 4164 846 4222 magnamque
872 4154 986 4222 partem
1014 4146 1159 4205 Graeciae
1188 4144 1218 4204 in
1245 4145 1419 4204 societatem

164 4260 250 4300 suam
273 4243 454 4318 perduceret.
498 4246 610 4307 Kritzio
638 4247 676 4307 de
698 4247 754 4306 hoc
776 4266 830 4306 usu
859 4249 1019 4325 disputanti
1046 4247 1201 4306 discrimen
1223 4247 1283 4304 tale
1305 4245 1421 4304 videtur

164 4361 243 4415 esse,
267 4353 298 4402 ut
321 4345 445 4421 perfecti
468 4349 670 4427 conjunctivus
690 4348 800 4425 judicio
822 4352 982 4427 scriptoris,
1010 4349 1171 4426 imperfecti
1194 4348 1354 4434 narrationi
1377 4348 1421 4405 in·

167 4448 283 4507 serviat.
328 4447 373 4508 Cf.
396 4448 501 4509 Haase
523 4450 561 4508 ad
584 4449 710 4526 Reissig.
735 4450 870 4510 Gramm.
893 4451 959 4511 Lat
979 4449 999 4528 5
1021 4468 1075 4527 314
1093 4460 1152 4510 not.
1175 4449 1236 4524 480
1258 4468 1287 4525 p.
1310 4463 1376 4524 550.
